2904 4972
742 387 926 450 -isidn

283 499 707 582 Postquemvooesomnium
718 503 901 583 perumsint
914 517 1070 583 repressae
1108 531 1112 538 ·

281 617 348 662 sese
358 604 483 665 sanetus
494 601 597 664 senior
610 601 773 664 retrahens
785 619 879 680 penes
889 618 922 664 se

279 697 419 776 quamvis
429 697 614 776 disposuerit
627 698 777 780 quidquid
790 699 866 762 vetit
875 716 959 776 esse,
1042 747 1049 768 .

151 787 157 802 ’
277 799 384 858 umen
397 799 521 858 sanctos
535 795 663 878 spiritus
672 797 821 878 praecipit
833 797 951 860 edesse.

276 905 438 972 Festinsre
452 925 579 990 superos
593 909 633 971 sd
644 907 825 972 mandatum
838 909 933 987 seiri,

196 1035 200 1044 ¹
276 1005 330 1069 sed
343 1005 922 1089 ssereeonsitisprersusnonaudivi5

276 1121 351 1164 nem
363 1120 435 1167 eum
447 1107 585 1166 sanctem
599 1103 720 1166 ourism
732 1102 857 1184 propius
868 1101 952 1166 adivi

276 1200 368 1281 liquit
383 1218 509 1268 somnus
520 1201 624 1266 oeulos
632 1243 643 1278 ,
660 1205 785 1264 coetero
795 1199 923 1264 nescivi.

480 1433 564 1497 Orbe
580 1450 636 1496 suo
648 1431 793 1514 pontifice
807 1431 852 1511 (t)

479 1532 621 1595 tristetur
636 1529 823 1610 Cuntueriop

477 1633 679 1693 omonstrnm
693 1629 791 1710 gentis
803 1625 975 1708 Angiiouo!

475 1726 678 1792 scribentum
691 1728 727 1792 in
739 1726 887 1803 bistone,

474 1826 556 1907 quod
574 1831 707 1889 stentem
718 1843 775 1906 pro
785 1824 925 1902 justitie,

479 1925 562 2005 quod
579 1923 737 1986 viventem
751 1921 901 1987 senonice

427 2073 433 2078 .
477 2016 824 2100 martyrizsvitpublioe

473 2115 602 2200 tyranni
616 2115 775 2179 violentie.

552 2209 677 2290 Oregio

476 2310 572 2391 digno
584 2326 634 2372 ree
643 2305 818 2388 epitaphio!

475 2425 564 2489 Hsee
578 2423 653 2488 lovis
666 2422 844 2501 excusetio,

475 2541 571 2605 quem
585 2523 759 2604 praetendit
768 2522 807 2585 ed
821 2521 986 2603 populum,

477 2623 553 2685 dum
570 2620 709 2686 osoulum
727 2618 865 2700 refugio,
1110 2607 1112 2612 ’

475 2721 557 2802 quod
572 2719 657 2800 petis
668 2723 715 2784 est
730 2719 942 2798 signaculum,

474 2817 655 2900 proditionis
664 2817 805 2896 jaculum
820 2841 829 2878 r

471 2933 670 2998 nequequam
679 2959 688 2994 ‚
704 2915 821 2994 iuquit,
834 2913 935 2994 jeoio;

476 3033 512 3078 oo
525 3014 552 3079 si
568 3033 632 3077 non
645 3014 684 3077 sit
695 3012 826 3094 proditio

474 3113 556 3193 quod
569 3130 633 3176 non
647 3111 812 3191 praecessit
826 3107 975 3172 osculum.

559 3209 684 3290 Oregio

479 3311 633 3391 dignares
647 3309 816 3390 epitaphio!

473 3423 891 3507 Oquentodiguusiulmine

360 3591 362 3599 ,
472 3523 594 3604 solque
605 3523 750 3604 Megaera
764 3523 913 3602 ereditur,

472 3621 607 3686 inisusto
620 3627 712 3685 notus
725 3620 846 3695 omine,

470 3721 521 3783 eui
537 3721 636 3784 scelus
647 3719 706 3782 hoo
717 3716 875 3800 objicitur!

471 3817 543 3881 Rex
557 3816 684 3880 ebusive
695 3816 820 3895 dieitur,

472 3916 528 3996 qui
541 3919 623 3979 totus
637 3918 683 3978 est
699 3915 732 3976 in
746 3913 913 3995 sanguinep

472 4014 515 4076 sio
534 4018 671 4076 emuteto
685 4011 811 4074 nomine

304 4188 339 4255 (t)
356 4187 403 4254 tp.
417 4185 502 4250 Mene,
521 4186 658 4250 Anteiam
674 4185 749 4250 test,
760 4183 805 4235 eet.
817 4185 872 4235 stt.
