2904 4972
764 451 806 468 ...
829 423 885 486 332
904 451 947 468 ...

306 533 385 598 Cum
398 531 444 598 mi
455 529 583 597 mutu
595 533 629 596 in
644 538 674 596 te
688 533 769 616 qnod
783 537 934 616 prendere
945 535 1057 620 ‚possin

345 633 427 696 istud
440 631 624 713 supplicium
637 637 711 696 tunc
725 635 844 714 petiere
854 653 982 696 novum.

303 731 462 810 distringet
475 731 586 792 solides
596 749 699 810 penno
711 731 765 812 pix
777 731 854 794 iiiito
867 738 964 810 setes,

344 829 526 909 compositus
536 827 643 907 eequis
656 829 949 894 exterminetur.

304 927 373 992 noo
385 929 549 998 scrutando
562 932 630 990 tues
643 929 767 1008 ponitus
779 928 961 1008 penesque
971 927 1123 998 nodedu

344 1030 527 1088 consument
537 1030 636 1088 mum
648 1027 675 1088 si
687 1028 761 1108 qnid
773 1028 833 1088 erit
844 1027 1013 1106 rodim.

302 1123 409 1188 Herbe
429 1124 520 1185 modo
533 1125 640 1186 viridis
651 1123 767 1188 frustra
780 1123 948 1188 tumefacta
965 1127 1102 1206 superbie
1110 1148 1120 1204 ς

344 1228 420 1285 tunc
435 1227 480 1284 tot
492 1223 566 1284 trite
582 1223 700 1302 modis,
718 1223 762 1288 nit
775 1223 837 1286 nisi
848 1221 963 1285 floccus
976 1222 1058 1288 eris.

305 1319 415 1384 Ventis
425 1319 606 1397 ludibrium,
621 1320 691 1382 leve
704 1321 823 1401 pondus
837 1321 870 1382 in
883 1337 957 1382 ecre
970 1325 1111 1399 raptum

342 1419 472 1482 nltefiue
483 1419 548 1482 noli
561 1419 766 1501 multiplicare
780 1419 876 1500 loqui.
892 1453 895 1460 ·

670 1619 676 1628 ,
720 1551 831 1617 tuoe

302 1681 431 1746 Parcius
442 1682 508 1762 ipse
520 1685 627 1744 umen
644 1687 783 1744 nostrum
799 1681 1131 1761 prodentium,

346 1781 463 1842 sibene
477 1781 626 1843 discernis
640 1780 746 1842 omnio
755 1797 836 1860 queo
847 1780 993 1860 loqueris.

303 1877 385 1946 Nem
397 1877 484 1940 labor
495 1879 666 1956 humanus,
679 1871 804 1949 soliers,
820 1879 861 1940 ed
873 1879 1119 1958 innuptum,

344 1995 473 2057 proquo
488 1977 531 2039 sio
546 1975 637 2038 sudet
651 1994 714 2039 non
727 1977 807 2039 nihil
820 1981 1002 2057 esse-putet5

303 2074 390 2140 tinio
403 2075 501 2138 modis
515 2075 622 2136 tritum
637 2074 824 2137 transfertur
836 2075 869 2136 in
883 2073 998 2143 hornen
1009 2091 1161 2155 munus,

279 2215 281 2220 -
344 2191 416 2236 curu
429 2192 484 2254 per
498 2191 656 2254 pressurus
668 2173 792 2236 exuerit
802 2171 916 2254 pelees.

302 2271 374 2334 Non
389 2272 481 2334 celles
491 2270 643 2348 subeunt,
656 2289 719 2332 non
734 2289 821 2352 reges
834 2275 926 2332 unice
935 2273 1084 2352 poscunt

343 2386 437 2449 quum
449 2373 577 2432 careant
590 2367 690 2432 acinis
700 2368 801 2430 libore
811 2370 887 2434 vinu
899 2369 973 2430 suis.

304 2464 422 2527 Tnneto
433 2465 542 2527 orebm
553 2469 642 2544 peret
655 2467 738 2546 qnod
750 2465 868 2546 tempto
880 2483 953 2528 suus
965 2465 1043 2546 lepis
1058 2467 1168 2544 ornet;
1295 2487 1298 2492 ¹

346 2563 390 2626 sic
406 2563 533 2643 copiunt
547 2563 662 2626 termes
677 2563 762 2644 ligno
777 2565 880 2628 dolete
895 2580 975 2628 sues.

300 2661 374 2740 vn,
387 2678 546 2742 pressure,
560 2679 667 2739 cruces
680 2707 690 2739 ‚
709 2667 881 2742 tormenta,
898 2661 1052 2744 periente,
1066 2665 1203 2739 mortes,

344 2761 482 2841 praemia
497 2761 680 2838 promeritas
692 2761 859 2840 purificent
873 2760 1006 2825 enimes.

304 2853 481 2920 Subsidium
491 2855 547 2918 lini
558 2859 681 2935 quaerit
691 2857 863 2937 respublica
874 2859 983 2921 mundi
995 2881 1007 2940 3

344 2954 468 3035 publice
480 2957 676 3034 consepctu,
691 2957 815 3038 publicu
827 2975 903 3022 cura
913 2957 998 3020 colit.

301 3051 341 3116 ln
351 3070 514 3116 commuue
527 3059 640 3134 rogent
653 3074 690 3118 ec
705 3055 914 3120 incommune
927 3055 1091 3138 laborentp

343 3152 556 3232 unnsquisque
571 3154 633 3216 suis
647 3171 700 3216 me
712 3159 803 3234 peret
819 3155 936 3218 officiis.

304 3249 405 3314 Unice
420 3268 471 3312 res
482 3250 584 3313 linum
597 3247 694 3331 queno’
705 3249 852 3314 Conditor
869 3251 944 3316 utile
962 3251 1079 3318 donum

339 3347 433 3410 rebus
446 3347 615 3410 mundonis
625 3353 697 3430 post
707 3350 862 3414 elemento
870 3349 956 3412 dedit
968 3345 977 3413 i

302 3446 363 3512 eod
375 3447 449 3525 quie
459 3464 510 3508 me
523 3445 580 3508 sub
592 3445 680 3527 equis
697 3447 774 3510 solvi
786 3447 950 3527 putredine
964 3447 1059 3526 due,

341 3545 375 3608 in
393 3550 423 3607 te
435 3548 616 3622 vertemus,
630 3547 667 3605 ut
679 3547 799 3624 teceee,
813 3546 929 3608 oculos.

301 3645 332 3711 A
345 3646 428 3726 turpi
440 3645 538 3726 turpis
556 3645 711 3706 obstructo
722 3645 874 3707 cadavere
884 3643 981 3726 peitis‘

342 3745 376 3806 in
388 3748 504 3807 tectum
515 3743 649 3805 trahitur
664 3741 727 3806 sole
741 3739 879 3806 orem'ete
893 3743 948 3805 din

301 3837 342 3901 ut
354 3839 446 3900 simul
458 3839 578 3900 incocto
592 3835 737 3917 nigrescit
749 3839 813 3898 toto
825 3855 967 3918 veneno;

342 3935 487 3999 indurete
497 3936 579 3998 subit
590 3936 702 3998 belnee
714 3935 806 4016 digna
818 3934 889 3999 eriri.

302 4033 421 4099 Balnea
433 4031 477 4096 sic
489 4032 579 4094 torris
590 4038 621 4095 ot
631 4051 730 4112 equae
745 4029 894 4098 confectio
907 4031 1027 4118 putris;

347 4131 439 4195 vilior
451 4131 485 4194 in
497 4129 550 4196 viti
560 4147 632 4194 rese
643 4129 791 4211 putrescis
803 4127 855 4191 ibi.
