2876 4970
753 437 933 502 *iit-

332 547 422 628 Quod
433 559 555 632 possent
568 571 708 617 caussam
721 554 871 618 librorum
883 567 1035 616 excusare
1045 553 1084 614 de
1097 551 1226 626 timore,

333 649 423 724 Quod
435 651 544 714 Petrus
554 650 709 714 Christum
722 653 866 731 negavit,
886 652 960 714 dum
977 656 1147 713 terreretur
1161 651 1200 711 ds
1213 655 1326 725 morto,

332 746 424 810 blodo
439 766 501 827 quo
514 754 602 826 pecto
617 749 808 810 excusabant
823 749 940 810 luctum
956 747 1054 809 altare
1067 741 1177 808 contra
1189 745 1307 808 altare?

331 843 387 918 Et,
407 865 482 925 paee
497 846 610 908 Christi
624 849 792 924 conscissa,
807 863 892 926 spem
904 850 1025 930 penum
1036 847 1068 906 in
1083 845 1229 908 bomine?

332 945 423 1020 Quod
437 947 606 1026 persecutio
622 965 685 1008 non
699 945 789 1021 lecit,
808 947 865 1026 ipsi
875 946 1015 1008 iecerunt
1029 946 1062 1007 iu
1080 961 1167 1022 pace.

332 1058 448 1122 Omnes
462 1061 514 1138 qui
527 1057 665 1140 gaudetis
679 1060 717 1124 de
732 1079 826 1140 pace,
843 1062 934 1122 modo
946 1075 1054 1122 rerum
1063 1057 1212 1138 iudicate.

292 1169 400 1234 Custos
410 1178 524 1248 noster,
539 1172 621 1234 Deus
637 1191 766 1252 magua,
782 1178 817 1235 tu
831 1191 886 1233 nos
899 1179 983 1253 potes
995 1171 1127 1233 liberare

332 1271 642 1350 Apseudoprophetis
657 1271 721 1332 istis
737 1271 790 1350 qui
803 1289 859 1331 uos
874 1273 1028 1348 quaeruut
1041 1270 1205 1332 devorare.

331 1369 530 1432 Maledictum
545 1387 598 1430 cor
609 1369 751 1448 lupinum
766 1371 933 1446 contegunt
951 1367 1044 1429 ovina
1057 1367 1147 1446 palla.

331 1462 393 1538 Qui
411 1473 497 1537 (nou)
512 1472 666 1528 noverunt
679 1465 870 1546 Scripturas,
886 1465 943 1526 hos
956 1465 1056 1528 solent
1069 1464 1313 1526 circumvenire:

329 1563 468 1625 Audiuut
480 1565 563 1624 enim
577 1564 741 1626 traditores
754 1569 785 1626 st
799 1565 942 1626 nesciunt
955 1561 1037 1642 quod
1050 1567 1169 1642 gestum
1182 1566 1228 1624 est
1240 1567 1323 1624 aute.

330 1659 450 1734 Quibus
465 1663 491 1722 si
506 1663 607 1724 dicam
624 1661 794 1739 :Probata‚
810 1681 874 1725 uou
888 1661 1004 1724 habeut
1021 1661 1095 1740 quid
1108 1659 1303 1740 respondere.

329 1755 400 1820 Suis
413 1759 440 1820 si
452 1759 558 1822 dicunt
570 1759 752 1838 credidisse,
765 1759 834 1823 dico
847 1779 902 1840 ego
917 1761 1059 1822 mentitos
1075 1777 1161 1822 esser

329 1857 411 1931 Quia
425 1863 455 1918 et
470 1875 525 1918 uos
539 1858 692 1918 eredimus
705 1859 831 1925 uostris,
847 1859 900 1938 qui
909 1877 961 1920 cos
973 1858 1081 1919 dicunt
1091 1858 1263 1919 tradidisse.

329 1953 385 2015 Vis
396 1969 483 2016 nosse
497 1956 551 2033 qui
561 1953 664 2016 dicant
677 1953 809 2016 falsum?
822 1953 885 2030 Qui
899 1957 962 2018 don
980 1961 1052 2017 sunt
1063 1956 1096 2016 iu
1111 1957 1242 2019 unitate.

327 2051 409 2114 Olim
419 2054 484 2133 jaus
498 2069 605 2114 caussa
619 2053 707 2114 linita
721 2058 766 2114 est
776 2097 785 2130 ‚
797 2051 878 2132 quod
893 2071 945 2114 ros
957 2069 1020 2116 non
1032 2055 1117 2115 statis
1129 2053 1163 2114 iu
1175 2071 1262 2133 pace.

328 2186 443 2252 Omnes
454 2187 508 2267 qui
520 2187 658 2266 gaudetis
670 2186 708 2250 de
720 2205 816 2267 pace,
832 2185 1046 2248 moderarum
1059 2187 1208 2266 judicate.

288 2319 445 2384 Dixeruut
456 2321 587 2402 majores
601 2322 697 2384 uosui
709 2326 740 2383 et
750 2319 843 2384 libros
857 2315 996 2384 iecerunt
1008 2320 1100 2397 inde,
1117 2381 1121 2393 ,
1334 2393 1338 2400 ‚

327 2417 389 2494 Qui
402 2426 475 2482 tunc
486 2437 627 2482 caussam
639 2424 852 2498 cognoverunt
862 2419 943 2498 quod
958 2437 1067 2480 recens
1083 2426 1205 2498 possent
1220 2420 1358 2500 probaro.

323 2515 426 2578 ‘Erant
437 2517 564 2594 quidam
581 2517 743 2578 traditores
760 2516 910 2577 librorum
923 2515 962 2576 de
976 2521 1083 2578 sancta
1099 2515 1166 2594 lege
1426 2497 1427 2510 ¹

325 2611 468 2694 Episcopi
481 2613 520 2674 de
533 2613 679 2674 Numidia
691 2619 722 2674 ct
735 2630 798 2674 nou
811 2613 939 2692 quilibet
953 2613 990 2674 de
1005 2613 1092 2692 plebe
1107 2637 1116 2672 ι

326 2711 404 2774 Cum
421 2711 638 2790 Carthaginem
652 2714 806 2773 venissent
816 2712 993 2789 episcopum
1005 2711 1161 2787 ordinare,

323 2810 423 2874 Erant
438 2811 548 2872 Burrus
561 2815 592 2874 et
607 2809 753 2872 Celestius
768 2815 811 2884 (l)
825 2809 927 2872 hostes
941 2807 1114 2872 Caeciliano
1129 2808 1233 2884 valde,

322 2909 430 2988 lmpii‚
446 2909 528 2970 iures
541 2954 549 2982 ‚
564 2909 706 2988 superbi,
720 2909 758 2970 de
779 2908 889 2988 quibus
900 2908 1026 2984 longum
1040 2913 1086 2968 cst
1100 2906 1239 2968 reiorre=

322 3008 499 3068 Junxerunt
511 3025 543 3068 se
554 3007 645 3068 simul
660 3023 767 3068 omnes
778 3006 896 3066 crimen
907 3006 941 3066 in
953 3004 1041 3067 illum
1054 3003 1200 3066 conflare.

292 3124 295 3131 ·
323 3103 438 3167 Dicunt
451 3105 660 3166 ordinatorem
673 3105 739 3184 ejus
752 3107 873 3165 sanctos
886 3104 979 3164 libros
993 3103 1166 3164 tradidisse.

323 3200 373 3263 Sic
385 3203 468 3280 pacis
480 3203 560 3264 retia
574 3209 744 3282 ruperunt,
760 3207 791 3265 at
805 3205 912 3263 errant
925 3203 1015 3264 modo
1031 3219 1088 3279 per
1100 3217 1199 3262 mare.

324 3335 439 3399 Omnes
451 3339 504 3419 qui
516 3337 654 3416 gaudetis
667 3339 706 3399 de
718 3354 813 3417 pace,
828 3335 918 3398 modo
932 3325 1201 3415 veremudidem

283 3469 364 3534 Ecce
379 3490 472 3553 quam
484 3473 600 3536 bouum
614 3477 645 3536 et
660 3489 752 3550 quam
761 3473 932 3552 jucundum
945 3471 1055 3532 iratres
1072 3470 1105 3530 ia
1117 3487 1214 3530 unum
1228 3467 1370 3530 habitare.

322 3572 434 3635 Audite
448 3589 554 3633 vocem
568 3571 761 3650 Prophetae,
775 3573 810 3632 ut
825 3570 889 3632 sitis
903 3571 937 3629 in
951 3569 1083 3630 unitate.

218 3747 220 3752 Ι
323 3667 448 3731 Crimen
461 3668 549 3730 nobis
562 3668 630 3746 quis
642 3667 783 3746 probavit
796 3669 957 3746 antiquum
974 3667 1012 3727 dc
1031 3666 1221 3729 traditione?

323 3764 400 3839 Quis
415 3766 527 3844 objecit
538 3766 571 3824 iu
580 3764 722 3842 judicio)
736 3764 953 3852 Qui'sederunt
963 3764 1125 3843 judicare?
1265 3766 1268 3770 ’

325 3861 442 3935 Quibus
457 3864 583 3924 testibus
595 3863 727 3924 convicit
738 3863 753 3924 Ρ
766 3860 841 3936 Quis
853 3879 944 3924 ausus
955 3867 1000 3923 est
1011 3861 1191 3938 affirmare?
1212 3901 1215 3908 -

327 3959 387 4020 Sed
400 3959 459 4020 hoe
472 3958 603 4022 libenter
617 3959 792 4038 linxerunt,
806 3959 886 4040 quod
899 3978 932 4022 se
945 3963 1102 4023 noverunt.
1113 3958 1218 4021 iecisse
1232 3983 1243 4016 e

263 4139 266 4146 ¹
321 4121 719 4188 (tlc'sstprobabiemsmledisore
728 4120 866 4188 mopsus
878 4122 969 4188 appello
985 4121 1123 4174 calcarias.
