2876 4970
508 477 692 538 -ην-
765 505 772 516 ·

84 586 148 665 Qui
161 607 218 670 pro
229 591 317 654 ncb'ls
327 589 524 671 judicarunt,
539 606 612 652 nam
625 590 712 653 nobis
721 593 895 672 junguntur
908 593 1001 658 'hodia
1018 619 1029 656 ε

81 689 114 750 Si
121 691 223 768 judex
233 689 371 752 Christus
381 687 441 751 hoc
452 689 549 766 dicat,
564 689 637 768 quid
647 690 766 752 habetis
777 693 987 771 respondere?

81 820 202 883 Omnes
215 818 270 902 qui
283 821 420 900 gaudetis
433 821 470 882 de
483 831 574 900 pace,
591 821 680 882 modo
694 839 802 884 varum
813 823 963 903 judicate.

42 950 165 1014 Lumen
179 953 281 1014 cordis
293 953 319 1014 si
332 958 378 1014 est
390 953 423 1015 iu
437 951 541 1029 vobis,
556 969 664 1012 verum
675 953 800 1031 potastis
812 953 929 1016 videre.

83 1049 166 1110 Sunt
179 1068 286 1129 preces
297 1049 411 1112 Donati
422 1053 454 1112 et
465 1054 551 1124 acta,
565 1049 676 1127 quibus
688 1051 770 1128 qued
781 1049 895 1114 dictum
909 1055 954 1112 est
965 1052 1103 1131 probate.

81 1146 171 1221 Quae
182 1149 209 1208 si
222 1149 347 1210 nederc
358 1163 422 1210 nan
432 1145 543 1223 vultis,
556 1164 610 1208 vos
621 1147 682 1208 huc
694 1148 797 1226 aliqua
808 1148 942 1228 proferte
951 1191 965 1226 ,κ

80 1244 203 1320 Quibus
215 1247 240 1307 si
253 1251 284 1308 et
295 1265 350 1308 nes
368 1264 432 1306 non
448 1245 618 1318 credimus,
634 1245 691 1306 erit
705 1245 775 1306 rixa
786 1247 853 1306 sine
865 1246 940 1306 line.

80 1341 315 1420 Amplectamur
327 1360 399 1420 ergo
414 1361 521 1421 pacem
537 1367 545 1402 ι
558 1341 631 1420 quid
644 1342 684 1403 ad
701 1356 757 1403 nos
769 1343 848 1421 quod
863 1349 982 1422 gestum
994 1349 1040 1406 est
1051 1344 1146 1407 anta?

81 1439 222 1520 Ohjicitis
233 1440 429 1510 traditionem
442 1461 450 1499 ι
462 1439 680 1528 respondemus
692 1457 747 1502 vus
759 1439 875 1502 iacias.

80 1537 227 1600 Clamatis
239 1557 292 1600 vos
304 1539 343 1600 de
359 1537 511 1610 Macerio,
527 1543 558 1599 et
572 1555 628 1598 nos
642 1539 680 1599 de
691 1537 955 1602 circumcellione.

80 1637 163 1698 Illud
173 1645 313 1699 nostrum
322 1638 388 1717 jam
401 1641 589 1698 transactum
603 1659 611 1696 ι
623 1637 717 1698 vestri
726 1655 789 1698 non
800 1641 920 1700 cessam
929 1654 1027 1718 usque
1038 1639 1140 1702 lwdle.

79 1735 204 1797 Habeat
216 1736 318 1815 paleas
331 1753 406 1797 area
419 1740 541 1806 vastia,
553 1753 605 1796 vos
618 1735 677 1796 hoc
690 1735 789 1796 solum
802 1735 894 1796 vultis
904 1753 970 1798 essa
984 1759 993 1796 a

78 1834 143 1895 Vos
154 1835 237 1895 euim
250 1851 314 1894 non
325 1833 417 1894 vultis
428 1849 554 1911 pacem,
570 1831 615 1892 illi
627 1833 785 1894 minantur
796 1832 834 1893 da
846 1832 936 1894 iustas

75 1932 117 1994 Et
127 1931 250 1994 utinaln
261 1933 499 1995 manutenturos
511 1949 577 1991 nou
588 1931 756 1993 tunderent
769 1921 915 2010 quotidie.

75 2029 143 2092 Hos
154 2029 181 2090 si
196 2029 356 2108 expellunt
366 2027 432 2104 isti,
447 2027 540 2089 uestri
549 2045 614 2088 nun
623 2027 739 2089 habant
748 2045 803 2107 per
815 2047 891 2107 ques
904 2042 1050 2107 regnare.

77 2157 195 2221 Omnes
207 2157 260 2238 qni
270 2153 408 2236 gaudetis
417 2155 456 2218 da
466 2173 566 2236 pace,
582 2156 672 2217 modo
685 2173 794 2217 verum
807 2155 956 2236 judicate.

36 2287 164 2350 Modum
179 2288 204 2349 si
216 2288 347 2352 excessit
359 2287 516 2350 Macarius
528 2287 738 2366 conscriptum
748 2287 783 2348 in
797 2287 966 2350 christiana
979 2289 1067 2370 lege,

76 2385 135 2447 Vel
154 2384 253 2462 legem
268 2385 349 2464 regis
363 2386 469 2446 retulit
482 2386 539 2468 (1),
554 2390 589 2448 ut
601 2391 752 2466 pugnaret
766 2404 823 2466 pro
836 2385 956 2448 unitate
971 2411 979 2446 ι

75 2483 148 2545 Non
158 2483 227 2544 dico
239 2483 333 2546 istum
348 2483 429 2544 nihil
442 2501 599 2562 peccasse,
613 2483 666 2544 sed
679 2488 797 2544 vestros
811 2483 931 2564 pejores
944 2502 1020 2546 esse.

10 2655 12 2662 y
77 2580 157 2655 Quis
172 2581 255 2641 enim
269 2581 424 2660 praecepit
433 2581 493 2642 illis
507 2599 562 2659 per
576 2579 713 2641 Africani
729 2582 772 2643 sic
783 2580 927 2643 saevire?

72 2679 145 2740 Non
155 2678 311 2756 Christus,
325 2695 390 2740 non
402 2677 575 2756 imperator
587 2679 736 2757 probatur
747 2679 805 2739 hoc
818 2679 1013 2758 permisisse,
1136 2745 1139 2754 ,

75 2777 203 2854 Fustes,
217 2783 249 2839 et
262 2779 350 2856 ignes
362 2777 516 2856 privatos,
535 2782 567 2839 et
583 2777 738 2838 insaniam
752 2778 817 2840 sine
833 2777 911 2854 lege.

54 2875 61 2956 ξ
75 2875 161 2950 Quia
169 2877 315 2955 scriptum
325 2879 370 2938 est
381 2899 388 2936 ε
401 2874 807 2953 Recoudagladium‚scelus
817 2876 1038 2954 nonputantin
1047 2876 1138 2955 iuste,

74 2975 145 3036 Non
159 2981 194 3036 ut
206 2975 299 3036 leomu
313 2975 475 3048 moriatur,
489 2973 541 3034 sed
552 2977 817 3052 utcunquassetur
828 2973 940 3050 valde,

75 3070 116 3133 Et
128 3077 235 3151 postea
247 3071 398 3141 moriatur
410 3091 419 3145 l
434 3069 506 3130 iude
513 3069 578 3148 jam
592 3070 748 3132 cruciatus
762 3070 922 3148 languere.

77 3169 138 3230 Sed
156 3175 262 3232 tamen
276 3170 301 3230 si
315 3169 520 3244 miserentur,
534 3167 680 3229 occidunt
691 3173 722 3230 at
738 3186 802 3228 uno
815 3168 904 3230 iuste.

76 3267 188 3330 Fustes
204 3268 335 3332 israeles
348 3271 476 3346 vccunt;
488 3266 571 3345 qued
584 3267 732 3328 dixerunt
743 3283 817 3328 cuna
827 3266 946 3328 honus
958 3292 982 3338 ,·

77 3365 119 3427 Ut
129 3366 197 3446 plus
208 3371 330 3430 vastent
336 3365 438 3444 ipsum
447 3382 581 3440 nomen,
591 3381 685 3446 quam
694 3381 805 3442 corpus
817 3359 898 3442 qued
909 3362 1121 3427 caeduntinde

76 3500 194 3563 Omnes
204 3500 258 3578 qul
273 3497 411 3578 gaudetis
425 3498 463 3558 de
475 3515 572 3576 pace,
594 3496 685 3558 modo
703 3513 812 3560 verum
825 3497 973 3576 judicate.

39 3632 138 3695 Nolite
151 3630 239 3692 uobis
250 3632 332 3709 jam,
346 3629 473 3706 iratres,
487 3633 607 3708 tempus
621 3627 752 3689 Macarii
763 3628 928 3708 imputare.

76 3731 109 3793 Si
119 3730 259 3791 crudeles
273 3734 363 3790 erant
374 3729 416 3788 illi
426 3771 436 3804 ,
447 3732 481 3796 ,et
496 3725 583 3788 nobis
595 3725 757 3804 displicent
769 3727 877 3807 valde;

76 3827 110 3890 Si
120 3833 227 3892 autem
240 3825 317 3890 laisa
327 3826 365 3888 de
380 3825 439 3886 illis
451 3825 573 3900 dicunt,
587 3823 672 3886 Dans
686 3828 786 3902 potest
796 3824 949 3903 judicare.

75 3929 139 3992 Nos
153 3939 293 3988 memus
309 3941 417 4006 pacem
427 3921 555 4000 Christi,
570 3923 756 4006 gaudeamus
769 3922 805 3982 in
820 3923 953 4005 unitate3

76 4025 110 4086 Si
121 4025 176 4104 qui
190 4023 265 4084 mali
279 4027 351 4094 sunt
364 4021 398 4081 in
410 4019 560 4096 Ecclesia,
575 4020 621 4080 nil
630 4017 719 4080 nubis
735 4024 863 4098 possunt
876 4038 999 4084 necere.

66 4201 104 4266 (t)
120 4200 138 4251 ll
150 4215 190 4266 μ
201 4195 331 4264 reticebat
348 4192 407 4250 dans
419 4177 523 4248 ltditien
537 4193 579 4250 des
593 4159 748 4246 lilutdictins.
