2904 4972
568 525 750 598 '-t05-

99 646 142 711 Vi
154 647 342 728 tempestatis
356 647 444 710 sociis
459 647 513 711 tibi
527 647 692 710 rarificatis

141 745 193 808 vel
205 745 462 826 rapuittraptist)
473 744 543 808 fatie
556 760 610 824 per
624 744 807 824 rietateugu'·
817 737 903 809 Paria
920 741 1068 828 (petisi)';

98 841 331 924 Egredieuaque
344 843 447 922 iretis,
462 861 524 922 qua
535 843 621 906 aedes
634 847 723 923 purte
734 842 845 922 quietis
856 885 867 920 ,

140 941 281 1005 cursibus
292 941 420 1022 expietis
432 985 441 1018 ,
455 961 474 1003 a
490 942 630 1022 sapiente
643 945 733 1022 petie.

100 1037 233 1118 Hospita
245 1036 392 1101 Cumanis
403 1081 412 1112 ,
424 1039 684 1118 impulsibueaeta
699 1037 855 1120 prosapia,

141 1137 247 1198 debita
258 1136 399 1216 Trojanis
410 1137 493 1215 iata,
509 1137 638 1218 Sihytiaq
652 1139 763 1219 eanis3

100 1233 227 1310 Quanta
239 1242 351 1315 parent
364 1236 476 1312 Rutili,
491 1255 584 1316 quam
596 1237 695 1316 statie
709 1240 816 1317 surget
830 1233 911 1317 luti,

142 1333 196 1414 qui
207 1351 315 1412 regum
326 1334 592 1414 titulireguaqae,
611 1336 666 1414 qui
674 1333 796 1415 popuii.

79 1431 182 1512 ‘Ergo
199 1431 363 1495 damnatae
381 1433 559 1512 (dmmtaet)
572 1449 625 1512 ape
638 1433 747 1497 firmus
757 1479 765 1514 ,
777 1428 856 1500 fiius
867 1437 1005 1514 amate,

142 1527 310 1610 Hesperiae
323 1529 404 1593 latae
417 1529 517 1593 tendis
528 1531 561 1592 iu
571 1545 648 1594 arva
659 1535 746 1612 rutel

98 1627 240 1690 Plurima
250 1627 329 1705 bella
342 1628 437 1706 geris,
454 1627 509 1690 tibi
519 1628 593 1691 dum
607 1629 790 1700 lpeaeebitu
802 1631 927 1710 quaeris
940 1654 951 1711 5

141 1727 195 1789 aed
206 1725 303 1790 tretus
312 1729 429 1806 superis
443 1726 534 1792 obuia
550 1744 691 1810 quaeque
707 1728 801 1804 teris,

100 1823 228 1888 Turnus
237 1829 272 1889 ut
282 1825 381 1888 elatus
398 1823 455 1887 tibi
465 1823 529 1888 tata
541 1824 665 1906 tuisque
676 1826 813 1892 minatus

142 1923 287 1986 occubuit
297 1925 434 2008 ¹atratum,
449 1923 524 2008 duur
539 1922 699 2009 iudieeme
717 1925 814 1992 latua

99 2022 162 2085 Pro
176 2040 239 2103 qua
251 2024 388 2084 certatur
402 2021 459 2084 tibi
471 2021 557 2103 regia
568 2019 656 2102 virge
668 2022 808 2102 dicatur,

142 2137 266 2200 paxque
276 2118 476 2197 reformatur,
490 2119 565 2181 dum
577 2119 633 2180 tibi
649 2126 747 2202 nupta
760 2121 863 2205 datur.

100 2217 185 2282 Hine
194 2223 408 2300 processerunt
418 2217 472 2298 qui
481 2218 613 2302 Romam
627 2219 876 2298 constituerunt,

143 2317 215 2396 qui,
230 2317 304 2378 dum
321 2315 402 2380 belia
418 2321 542 2396 gerunt,
556 2313 649 2379 tortia
660 2335 803 2398 quaeque
817 2312 925 2378 terunt

100 2411 142 2477 Et
154 2413 213 2476 eibi
223 2411 363 2475 iecerunt
374 2430 506 2480 nomen,
522 2413 604 2492 quoe
620 2411 654 2476 iu
669 2419 754 2484 aetra
768 2413 929 2494 tulerunt,

144 2517 197 2587 ut,
210 2510 264 2590 qui
277 2509 464 2591 seripserunt
477 2511 609 2592 pristina
619 2517 727 2592 geete,
740 2511 856 2576 terunt.

102 2610 262 2704 Romaque
275 2607 465 2688 turrigerum
475 2613 567 2688 eaput
580 2609 670 2673 effert
682 2609 820 2676 maxima
831 2627 941 2678 rerum

145 2713 209 2771 tam
219 2708 301 2770 dono
311 2723 458 2788 superum
475 2724 569 2803 quem
581 2707 689 2771 studiis
704 2726 882 2792 pracerum.

103 2804 157 2870 Sie
170 2824 212 2868 ex
221 2805 328 2869 Aenea
339 2809 482 2868 creseunt
495 2805 636 2869 Romana
650 2801 812 2885 trophaea,

146 2903 192 2968 sie
201 2920 276 2984 geue
290 2902 440 2966 Romulea
453 2904 551 2982 surgit
561 2903 600 2966 ab
615 2902 781 2968 Hectorea.

375 3049 530 3140 Diategae
544 3049 588 3115 uia
605 3049 692 3138 Pqpe
705 3062 735 3114 et
746 3048 790 3114 uta
802 3047 863 3116 Rei
878 3049 939 3137 (1).

104 3193 271 3258 Certamen
280 3191 361 3274 regie
372 3209 443 3255 eum
458 3209 546 3272 papa,
559 3178 662 3268 musa,
675 3185 825 3253 eenamu's

105 3299 139 3356 et
149 3311 230 3374 quae
240 3291 387 3355 dixerunt
400 3309 438 3354 ea
451 3283 603 3354 verbatim
617 3283 803 3351 recalemus.

105 3393 192 3473 Papa
203 3391 288 3472 prior
303 3390 431 3468 cecinit,
444 3398 548 3451 seeum
560 3381 683 3472 'ratione
696 3393 847 3464 canente,

107 3495 141 3554 et
154 3493 262 3553 eontra
276 3506 379 3570 regem
389 3486 434 3550 aie
443 3484 562 3568 eeepit,
580 3491 656 3565 rege
666 3489 803 3548 taeeute.

618 3591 710 3660 Pari.

107 3717 180 3781 Rex
193 3731 225 3778 es
235 3715 261 3776 si
273 3719 394 3779 rectum
406 3693 544 3796 aequeris
550 3745 568 3794 ‚·
576 3714 602 3776 ai
613 3713 699 3792 regia
710 3693 835 3790 quaeris
847 3754 858 3792 ,

106 3831 167 3877 nee
185 3819 216 3876 te
233 3813 310 3876 salsa
318 3813 430 3893 juvant
443 3829 523 3897 quae
534 3813 596 3874 sint
610 3807 767 3874 eontraria
779 3809 882 3888 veris;

108 3912 172 3974 Sed
183 3916 218 3974 tu
230 3929 288 3974 nee
297 3917 417 3974 rectum
431 3910 567 3987 aequeris
581 3927 639 3970 nee
651 3908 735 3986 regia
746 3912 890 3983 tautum,
984 3988 987 3994 Ι

109 4005 236 4072 effeetus
249 4007 370 4070 eoelum
382 4005 528 4087 quoniam
540 4004 578 4104 de
591 4021 675 4078 more
687 4004 863 4083 gigantum.

144 4188 180 4256 ιι)
198 4181 259 4240 attat
280 4189 311 4238 ιι
326 4175 469 4247 munuae
480 4181 522 4236 ιι
510 4176 602 4237 ιιιιι
621 4182 653 4233 ιι
665 4178 749 4246 reare,
766 4177 826 4233 dum
839 4174 964 4235 ιιιιιιιι·
981 4180 1071 4236 seuere
1095 4169 1219 4294 raptaret

114 4270 145 4304 au
156 4261 357 4305 commemorarent
368 4251 401 4301 du
410 4249 464 4300 xit
475 4248 555 4302 siecle
