2880 4972
514 487 555 502 -
577 455 633 516 223
656 485 698 500 -·

55 585 125 629 nem
138 569 274 646 probabo
290 570 409 650 plenius
424 571 613 650 argumentis
625 571 735 647 claris,

53 667 133 742 quod
146 667 173 728 si
186 686 261 728 vera
274 671 424 748 quaedam
439 675 527 742 sunt,
545 671 577 730 in
593 670 699 732 multis
710 670 848 749 nugaris.

53 774 123 840 Feci
137 785 169 842 te
181 782 349 860 multoties,
366 784 474 861 lateor,
490 803 613 855 erroro,

52 880 110 936 eta
124 875 215 940 bonis
229 881 347 942 actibus
360 899 450 961 saepe
463 880 637 959 declinare,
696 923 699 930 ·

51 974 102 1034 sed
110 1019 120 1051 ,
137 977 164 1034 si
179 994 250 1036 oero
261 977 353 1039 laoiat
366 979 502 1039 animam
516 996 644 1064 peceare
652 1023 662 1055 ,

51 1075 117 1150 plus
129 1078 178 1136 est
191 1076 281 1156 culpe
292 1077 435 1158 spiritus,
449 1078 539 1154 audi,
552 1078 652 1140 dicam
667 1096 761 1157 quare
782 1081 839 1154 (l).

51 1189 187 1251 Mundus
199 1194 230 1251 et
239 1190 436 1253 daemonium
449 1192 555 1254 loedus
568 1193 709 1272 pepigere
716 1235 726 1268 ,

52 1295 81 1352 et
92 1308 221 1352 oernem
236 1290 442 1352 miserrimam
455 1309 559 1352 seeum
574 1292 783 1372 conjunxere,

51 1407 145 1467 quam
159 1390 183 1450 si
195 1389 279 1468 vigor
290 1390 414 1456 animae
425 1396 521 1452 oesset
534 1391 699 1452 cohaerere
712 1389 747 1473 (l.
766 1394 935 1474 coarcere),

52 1487 83 1547 in
94 1488 215 1567 peooati
229 1488 348 1550 foveam
360 1488 476 1549 eadunt
489 1489 579 1548 ambo
593 1506 676 1550 vere.

51 1599 129 1675 Sed,
144 1600 222 1662 siout
235 1600 451 1680 praedixeras,
463 1601 545 1661 Deus
560 1605 589 1662 te
601 1601 717 1662 creavit

50 1705 80 1760 et
93 1701 208 1760 bonam
220 1703 251 1761 et
263 1698 416 1776 nobilem,
430 1715 521 1760 sensu
536 1703 566 1760 te
577 1699 691 1760 dotavit
698 1741 708 1774 ,

50 1798 131 1859 etad
147 1814 235 1858 suam
248 1795 381 1875 speeiem
394 1797 511 1874 paritor
526 1795 666 1856 formavit
674 1839 684 1873 ‚

49 1899 83 1954 ut
95 1895 212 1957 aneilla
223 1889 331 1956 fierem
344 1895 400 1956 tibi
413 1913 462 1957 me
475 1895 612 1956 donavit.

48 2009 128 2089 Ergo
143 2011 170 2072 si
183 2013 217 2070 tu
229 2009 354 2071 domina
367 2014 471 2072 ereata
483 2008 583 2082 luisti,

49 2115 79 2170 ot
94 2109 228 2171 dabatur
242 2109 338 2184 ratio,
352 2126 406 2186 per
418 2127 511 2187 quam
522 2107 652 2168 debuisti

50 2225 105 2268 nos
116 2208 151 2268 in
165 2207 281 2269 mundo
293 2225 419 2284 regere,
434 2225 490 2268 eur
501 2205 578 2266 milri
588 2204 691 2266 lavisti

48 2305 79 2364 iu
97 2304 191 2366 rebus
203 2303 316 2364 illicitis
328 2308 431 2365 elnon
445 2303 607 2364 restitisti?

49 2420 118 2482 Non
130 2436 268 2495 earnem,
285 2418 337 2479 sed
351 2418 486 2480 animam
494 2418 612 2498 justum
626 2421 672 2478 est
684 2416 801 2496 eulpari
809 2460 819 2493 ,

48 2535 129 2596 quae
143 2533 193 2594 se,
208 2534 279 2578 eum
291 2517 329 2578 sit
339 2515 476 2592 domina,
490 2515 562 2576 sinit
576 2515 737 2576 ancillari:

47 2635 120 2678 nam
135 2633 209 2678 earo
221 2633 276 2694 per
290 2615 430 2693 spiritum
440 2614 529 2676 debet
546 2613 684 2676 edomari

46 2715 141 2791 lame,
156 2715 218 2793 siti,
230 2715 375 2790 verbere,
391 2713 416 2774 si
428 2714 494 2775 vult
506 2712 670 2774 dominari.
751 2745 753 2752 ·

45 2829 124 2891 Caro
134 2829 203 2890 siue
214 2827 322 2906 spiritu
332 2825 410 2887 nihil
424 2829 571 2903 operatur
584 2865 593 2900 ,

45 2927 133 3006 cuius
147 2925 333 2988 adminiculo
346 2925 454 2986 vivens
468 2925 649 3000 vegetatur,

46 3043 118 3103 ergo
133 3025 228 3104 siper
245 3023 383 3103 spiritum
399 3039 471 3082 caro
485 3039 547 3081 non
563 3019 721 3090 domatur,
768 3037 770 3052 ·

44 3141 101 3202 per
114 3122 224 3185 muudi
233 3122 396 3184 blanditias
409 3138 486 3183 mox
496 3118 679 3180 infatuatur.

45 3237 126 3300 Caro
138 3235 204 3298 sine
217 3234 327 3314 spiritu
338 3234 415 3296 nihil
429 3233 610 3306 innotescit,

44 3342 126 3412 ate,
139 3333 286 3415 quidquid
297 3333 443 3409 feceram,
457 3330 599 3410 primitus
614 3327 777 3406 processit3

43 3435 70 3495 si
85 3433 162 3514 quid
176 3433 265 3510 justis
286 3448 438 3510 exsequor
452 3429 508 3490 tibi
520 3427 610 3505 oulpe
624 3425 750 3504 oresoit;

43 3550 118 3592 caro
135 3529 201 3591 sine
212 3529 321 3609 spiritu
335 3533 458 3590 mortua
471 3525 611 3606 quiescit.

44 3647 76 3708 Si
88 3645 232 3708 voluntas
244 3642 368 3722 spiritus
381 3644 414 3703 in
423 3646 494 3703 notu
506 3641 637 3702 dueatur

41 3764 98 3825 per
110 3761 237 3807 carnem
251 3741 459 3820 pedisequam,
473 3740 545 3818 quid
556 3756 627 3799 earo
640 3733 809 3815 culpatur?
867 3789 872 3797 .

44 3844 138 3922 culpa
152 3842 250 3920 tangit
260 3841 395 3902 enimam
409 3856 464 3917 per
477 3855 569 3915 quam
588 3837 761 3914 imperatur

74 3999 164 4115 (lp'tln
177 4008 260 4050 trouve
271 3998 333 4049 russi
347 3997 406 4047 dans
418 3996 581 4046 l'Altoreots'o
611 3992 739 4038 sllnsanum
750 3995 853 4048 reputes,
863 3991 929 4038 reim
937 3993 998 4041 olcas
1009 4009 1086 4055 quare.

46 4067 78 4116 de
126 4077 167 4114 rer
203 4069 258 4113 tero
281 4066 305 4112 ot
322 4061 425 4124 Lops'eo,
443 4073 467 4108 r.
485 4061 526 4118 59,
540 4072 580 4122 ep·
611 4061 732 4112 Pons-etro
751 4063 881 4127 comedant
894 4063 985 4116 doiton
1021 4068 1108 4117 rdttrer
1124 4069 1148 4117 lr

44 4126 156 4190 Wright,
209 4125 280 4174 olter
293 4123 401 4185 Mopse,
417 4136 442 4186 p.
453 4122 518 4170 252:
612 4124 978 4186 lepondums.deltruxolleso
1015 4132 1147 4182 toousom

46 4201 134 4249 &num
143 4205 179 4247 est
195 4195 347 4245 dissererent
359 4196 541 4252 grammatuare,
613 4199 703 4250 quere.
