2904 4972
553 433 740 499 -tle-

94 546 224 610 Summe
236 545 329 608 Pater
345 541 480 627 gloriae,
494 555 614 609 summe
626 549 710 609 teter
724 549 851 623 rarum,

95 646 230 706 miscens
245 645 304 707 iter
314 644 399 706 varie
409 645 507 708 noetis
521 649 552 707 et
564 643 684 708 merum
698 691 706 722 ,

96 743 234 806 tenebris
248 743 403 805 Ecclesiae
415 744 522 806 lumen
531 743 625 806 redde
639 747 771 822 ierump

94 861 169 904 nam
192 861 256 904 nox
269 843 349 922 regis
360 843 488 923 Angites
505 844 651 906 cunctum
663 842 767 904 turbet
777 837 915 904 uuum!
958 845 962 854 '

94 955 167 1018 Sola
181 955 269 1020 stella
282 956 422 1019 nostibus
434 962 577 1036 praeerat
589 953 786 1037 Anglarum‘5

97 1054 180 1117 selus
193 1053 248 1116 llos
260 1055 293 1116 in
305 1053 417 1118 finibus
430 1054 536 1119 floruit
550 1068 682 1137 eernmp

99 1152 152 1213 sed
174 1170 247 1230 rex,
262 1154 361 1232 pudor
374 1155 514 1234 regibus,
527 1149 654 1234 signiter
665 1150 819 1216 malarum
834 1197 843 1228 ,

96 1245 1195 1332 stellaedamnatraiioslstellamnudatignibnsipsieaatlletettflettrmt

95 1363 217 1427 Marcet
228 1383 301 1444 ager
315 1365 427 1431 floreus
441 1367 518 1431 llatu
530 1368 683 1449 aquilonis
691 1392 701 1449 3

95 1464 272 1524 exsiccatur
283 1469 392 1543 puteus
403 1472 434 1530 et
444 1465 513 1528 fons
525 1467 669 1548 rationis5

95 1559 149 1622 llel
160 1559 259 1639 fulgor
271 1562 434 1626 aethereus
446 1568 569 1627 noctem
583 1565 766 1646 Babyloni„

95 1661 176 1738 perit
188 1660 264 1722 eleri
274 1661 398 1743 clypeus
409 1707 420 1741 ,
433 1661 490 1726 flos
505 1663 673 1743 religionis.

95 1773 149 1836 Me
160 1776 472 1855 saeculo(seeundel)
488 1779 632 1842 vulnerat
644 1775 765 1841 nemus
783 1775 934 1858 Hereffis3
990 1805 993 1814 ·

94 1872 212 1934 iactum
230 1879 352 1936 tentum
366 1874 478 1938 alterat
489 1877 671 1956 permutatis
681 1875 800 1953 modis3

95 1987 171 2030 nam
182 1989 233 2032 me
244 1988 364 2049 semper
377 1969 485 2034 ederet
497 1963 613 2033 mulier
624 1971 751 2047 enodis:
808 1979 813 1992 '

95 2067 148 2128 hie
160 2066 198 2128 de
210 2083 285 2146 paee
295 2068 414 2148 pejerat
427 2068 520 2130 homo
532 2069 640 2148 plenus
654 2067 757 2130 nodis.

94 2178 213 2242 Malum
225 2196 291 2242 esse
302 2182 417 2256 (secel)
430 2181 572 2258 redimit,
587 2179 668 2242 male
683 2176 805 2256 (metii)
820 2179 908 2260 ponit
921 2183 1056 2264 muana,

95 2277 214 2340 malum
227 2279 277 2340 eni
293 2295 355 2359 pax
366 2277 646 2358 imprimitseeleris
660 2282 835 2358 monetam

93 2394 166 2438 eum
180 2394 237 2438 rex
251 2377 342 2440 tidem
355 2377 502 2457 exprimit
513 2375 638 2456 perfidis
650 2377 821 2455 assuetam,

92 2473 155 2536 fide
170 2472 264 2537 fidem
275 2475 383 2538 eximit
393 2473 552 2538 fraudibus
558 2473 734 2554 impletam.

91 2585 127 2648 Si
142 2585 261 2664 gentilis
273 2584 378 2650 lenitas
393 2589 513 2650 sanctiss
527 2585 708 2663 trucidavit,

92 2687 243 2761 tanquam
254 2700 349 2746 vanus
360 2683 479 2746 vanitas
490 2699 542 2746 ees
556 2683 735 2747 aestimavit
740 2707 750 2764 3

92 2779 147 2841 sed
160 2779 263 2844 doloso
276 2781 389 2844 veritas
401 2781 506 2845 delum
520 2782 590 2845 delo
603 2783 707 2862 pav'it3

91 2877 166 2938 inde
178 2879 309 2959 simplex
318 2878 465 2942 sanctitas
476 2880 534 2942 sibi
548 2881 652 2944 minus
666 2877 761 2942 eavit.

90 2991 195 3069 Pater,
208 2992 336 3073 quinon
350 2993 502 3073 praeteris
512 2987 677 3056 hominum
689 2985 803 3057 ‘delleta
815 3035 825 3077 ,

91 3088 149 3151 tibi
160 3088 217 3151 suli
228 3091 372 3168 pauperis
384 3107 479 3152 eausa
495 3089 662 3170 derelicta,

90 3182 153 3244 cito
164 3181 219 3244 fiat
232 3182 355 3245 sceleris
365 3183 443 3244 ultio
456 3173 610 3262 districta,

90 3295 167 3338 nam
178 3275 315 3338 vindicta
332 3276 441 3340 celeris
451 3277 565 3358 duplex
577 3281 624 3339 est
636 3271 794 3346 vindicta!

88 3389 161 3452 Non
172 3393 218 3452 tot
229 3387 347 3452 fruetus
359 3391 472 3470 ingerit
488 3393 565 3454 ultio
576 3391 692 3468 dilata,

88 3505 149 3550 nee
159 3505 288 3569 peceare
301 3488 415 3552 deserit
424 3507 513 3553 mens
524 3487 723 3572 incastigata}

88 3602 151 3648 vox
162 3585 335 3648 eommunis
348 3586 475 3665 asserit,
489 3593 554 3648 vox
564 3589 602 3650 ‹ie
614 3587 692 3656 veris
705 3587 776 3650 data
790 3615 802 3649 ε

88 3679 204 3741 multos
211 3678 310 3759 justos
325 3681 442 3762 peperit
452 3681 538 3764 virga
550 3683 705 3759 testinata.

89 3791 193 3854 Frena
207 3792 362 3875 linguam3
376 3794 712 3877 ratiojuslieispereret
751 3851 753 3858 .
820 3845 824 3856 .

89 3892 123 3951 et
135 3905 186 3950 res
197 3890 357 3972 injudicio
371 3910 427 3974 pro
440 3910 473 3956 se
484 3894 551 3974 ipsa
563 3891 646 3961 orat!
754 3943 757 3952 ‚

89 3987 181 4064 sileo,
196 4007 270 4051 nam
284 3992 379 4056 timeo
391 3991 499 4072 lingua
512 4012 552 4056 ne
565 3990 696 4058 defloret

91 4085 184 4150 liores
197 4087 390 4168 eloquentiae
401 4088 512 4172 quibus
525 4091 600 4156 Abel
613 4092 712 4162 tieret.
