2876 4970
503 433 544 447 -
568 404 623 465 tsi
646 433 686 446 -·

83 529 201 594 Omnes
217 531 272 610 qui
282 530 418 609 gaudetis
431 531 470 592 de
484 549 573 610 pace,
589 531 680 593 modo
694 547 803 593 verum
819 533 970 612 Jndicate.

84 666 219 743 Audite,
234 666 354 740 iratres,
368 665 449 743 quod
467 665 551 741 dico,
571 669 602 726 et
612 665 689 726 mihi
703 665 793 726 irasci
807 665 902 726 nolite
917 711 926 743 ‚

84 763 169 838 Quia
182 781 245 823 non
257 767 329 824 sunt
341 761 417 823 ialsa
434 779 513 840 quoe
525 761 636 823 auditis
642 785 652 839 3
668 763 790 840 potestis
802 766 833 822 et
845 761 1060 838 considerate,

85 860 178 936 Quod
195 862 220 922 si
232 860 298 940 ipsa
308 869 391 921 nuno
402 859 538 921 Ecclesia
552 877 605 920 vos
618 859 792 936 alloquatur
810 877 881 921 cum
895 879 989 939 pace,

84 957 127 1019 Et
140 957 224 1018 dicat
236 981 245 1016 s
258 955 286 1018 Ο
300 955 355 1017 lilii
367 953 446 1017 mei!
458 955 532 1034 quid
543 955 708 1034 querimini
724 955 762 1016 de
777 957 903 1018 matre?

84 1057 193 1132 Quare
206 1075 256 1118 me
270 1056 444 1119 deseruistis
452 1057 518 1136 jam
529 1055 598 1116 volo
612 1073 631 1116 a
643 1054 728 1116 vobis
745 1055 869 1116 audire.

85 1157 247 1218 Accusatis
261 1155 369 1217 iratres
382 1161 496 1217 vestros
509 1159 540 1216 et
554 1173 609 1234 ego
624 1156 744 1217 laceror
765 1155 863 1217 valde.

85 1255 220 1330 Quando
235 1271 284 1314 me
298 1252 479 1334 premebant
489 1257 593 1332 gentes
601 1296 611 1329 ‚
623 1253 720 1315 multa
731 1253 789 1316 tuli
809 1255 1014 1332 cumdolore,

83 1351 180 1414 Multi
191 1370 242 1412 me
253 1352 472 1424 deseruerunt,
491 1351 544 1412 sed
558 1348 698 1412 iecerunt
712 1351 746 1412 in
759 1351 870 1415 timore
883 1377 891 1411 ι

86 1448 152 1510 Vos
164 1467 240 1510 vero
258 1449 362 1510 nullus
377 1449 475 1526 coegit
487 1449 530 1510 sic
543 1445 652 1510 contra
669 1465 718 1510 me
732 1449 894 1512 rebellare.

84 1546 196 1608 Dicitis
206 1565 328 1608 mecum
340 1565 395 1608 vos
409 1563 490 1622 esse,
510 1545 563 1608 sed
579 1545 689 1608 ialsum
704 1547 812 1608 videtis
826 1565 903 1610 essa.

41 1709 45 1714 ,
84 1645 152 1724 Ego
165 1643 323 1708 Catholioa
334 1643 420 1708 dicor
432 1652 463 1706 et
475 1641 528 1706 vos
541 1643 580 1706 de
591 1645 702 1706 Donati
716 1649 813 1724 parte.

85 1744 184 1805 Jussit
198 1761 248 1804 me
262 1743 425 1824 Apostolus
439 1745 510 1820 (sie)
521 1761 577 1823 pro
591 1743 713 1822 regibus
726 1744 835 1806 mundi
847 1759 938 1806 orare
954 1769 962 1803 ι

84 1839 153 1903 Vos
163 1839 308 1904 invidetis
319 1841 400 1920 quod
412 1851 499 1920 reges
509 1841 575 1920 jam
592 1841 707 1902 suntin
719 1841 890 1904 christiana
903 1841 976 1903 lide.

87 1936 125 1998 Si
143 1937 200 1998 filii
219 1939 280 2014 (l),
300 1936 374 2016 quid
388 1936 543 2012 invidetis,
559 1937 765 2018 quiaauditae
778 1942 849 1998 sunt
863 1955 969 2016 preces
981 1939 1093 2002 mecei

87 2034 225 2109 Quando
238 2035 320 2096 enim
335 2036 418 2097 dona
430 2037 598 2112 miserunt,
614 2036 754 2097 noluistis
769 2039 945 2115 acceptare3

86 2133 131 2194 Et
141 2133 228 2195 obliti
241 2133 312 2196 estis
328 2134 507 2215 prophetes,
525 2134 580 2212 qui
592 2133 667 2196 illud
678 2133 900 2213 praedixerunt
913 2137 986 2194 ante

87 2231 182 2314 Quod
195 2231 331 2310 gentium
342 2249 430 2310 reges
440 2233 544 2310 magni
557 2232 680 2293 missuri
694 2236 793 2292 essent
806 2230 886 2292 dona
897 2231 1055 2294 Ecclesiae
1068 2257 1076 2292 s

88 2328 182 2404 Quae
194 2331 275 2392 done
289 2349 360 2394 oum
373 2329 547 2408 respuistis,
562 2329 738 2392 ostendistis
750 2347 803 2391 vos
813 2347 876 2392 non
887 2349 970 2408 esse,

87 2427 132 2490 Et
142 2423 316 2488 Maeonium
328 2426 467 2504 coegistis
480 2443 570 2487 suum
585 2426 721 2487 dolorem
733 2427 903 2489 vindicare.

41 2513 45 2516 ’
88 2524 153 2588 Sed
166 2543 223 2604 ego
240 2523 314 2604 quid
327 2523 413 2585 vobis
428 2521 503 2599 ieci,
522 2529 625 2586 vestra
639 2531 739 2586 mater
749 2526 783 2586 in
794 2529 857 2588 toto
871 2524 967 2587 orbe?

89 2621 222 2701 Expello
240 2619 337 2682 malos
356 2637 432 2700 quos
443 2635 583 2700 possum3
597 2639 673 2698 quos
686 2639 750 2684 non
765 2637 903 2700 possum,
920 2639 1011 2704 cogor
1029 2621 1129 2686 terro:

89 2718 173 2780 Fero
185 2719 252 2780 illos
263 2718 361 2779 donec
374 2721 534 2795 sanentur,
549 2721 603 2778 aut
615 2723 796 2800 separentur
811 2721 845 2780 in
859 2721 932 2782 lina.

88 2817 156 2880 Vos
169 2835 219 2878 me
234 2835 332 2896 quare
345 2814 518 2891 dimisistis,
538 2819 569 2878 et
589 2817 710 2886 crucior
724 2819 762 2878 de
777 2823 878 2880 vestra
889 2817 1009 2881 morte?
1065 2838 1067 2840 ·

89 2915 125 2975 Si
138 2915 273 2976 multum
290 2913 387 2975 melos
403 2913 524 2989 odistis,
543 2913 647 2991 quales
659 2914 777 2977 habetis
791 2916 902 2978 uidete.

89 3012 126 3074 Si
138 3017 169 3074 et
182 3029 236 3074 vos
247 3012 384 3074 toleratis
397 3011 508 3087 melos,
523 3030 696 3090 quarenon
714 3013 747 3074 in
759 3012 879 3074 unitate

91 3109 155 3172 Ubi
167 3127 256 3172 nemo
266 3109 452 3189 rebaptizat,
468 3129 526 3173 nec
540 3109 638 3172 altere
650 3115 756 3172 eontra
767 3109 887 3171 altare?

88 3207 191 3269 Malos
206 3213 309 3268 tantos
318 3209 473 3287 toleratis,
488 3209 540 3270 sed
559 3209 646 3270 nulla
660 3209 742 3270 bona
755 3209 915 3287 merced03

88 3306 176 3382 Quia
190 3305 271 3386 quod
289 3307 405 3370 debetis
424 3327 477 3387 pro
491 3307 626 3381 Christo,
643 3326 698 3388 pro
713 3307 832 3369 Donato
850 3308 942 3370 vultis
958 3307 1049 3370 terra.
1143 3319 1149 3328 ·

90 3403 262 3466 Cantemus
276 3405 377 3482 vobis,
393 3406 513 3480 iratres,
527 3423 645 3486 pacem.
666 3405 692 3466 si
702 3403 794 3466 vultis
808 3406 927 3467 audire.
1021 3407 1025 3418 ¹

89 3501 255 3565 venturus
267 3507 313 3568 est
327 3503 424 3582 judex
437 3509 560 3578 noster,
574 3503 765 3575 dasdamus,
779 3501 875 3580 exigit
887 3501 949 3565 ille.

285 3635 497 3724 Rhytdmcsor
511 3637 550 3700 tes
560 3635 641 3724 joies
660 3636 701 3700 du
717 3635 852 3702 Porodr's
867 3635 929 3724 (ἓ).
950 3671 954 3680 ’

92 3778 142 3840 Ad
159 3777 306 3860 perennis
320 3779 402 3840 vitae
418 3745 534 3839 iontem
546 3795 633 3838 mens
645 3777 739 3840 sitivit
748 3777 853 3854 arida,

91 3878 230 3942 claustra
243 3878 345 3939 carnis
357 3879 476 3957 praesto
494 3873 593 3954 frangi
607 3875 712 3952 clausa
725 3875 847 3956 quaerit
859 3875 988 3940 animas
1026 3883 1027 3888 ’

95 4057 374 4120 tlEsts‘sdnslotsxto
381 4056 424 4107 des
433 4054 589 4108 sensuimus
621 4054 748 4107 studento
758 4070 805 4168 δεῖ
816 4055 932 4130 plusieurs
941 4057 1078 4122 conquest
1095 4058 1156 4108 saint

42 4153 46 4158 -
93 4121 121 4186 2)
131 4119 180 4171 Les
196 4119 254 4170 trois
271 4111 349 4186 pileos
364 4119 482 4170 mimo·
498 4126 539 4168 ont
554 4120 591 4168 tte
623 4117 757 4184 ragusan(
777 4119 891 4183 amaus,
901 4117 1049 4185 atumem,
1062 4119 1097 4172 los
1104 4119 1155 4172 ddi*
