2904 4972
715 555 751 570 -
778 524 836 588 1³26
856 551 900 570 ‹-

456 631 509 698 scd
517 632 615 717 judex
626 655 645 698 a
657 637 814 717 pontifice.

455 748 514 812 Sed
525 749 621 812 littori
632 751 713 828 qnod
726 753 803 816 satio

454 847 572 910 confert
585 849 634 910 vei
650 851 791 914 exaratio
808 916 812 924 ,

456 951 512 1008 aut
525 947 614 1008 lateri
627 947 753 1026 lavatio,

455 1043 514 1106 hoc
527 1045 591 1122 regi
605 1046 806 1124 praedicatio.

451 1157 533 1221 Nam
545 1159 611 1239 ejus
623 1179 664 1222 ex
675 1161 805 1242 imperio

452 1257 671 1336 sacrilegorum
691 1257 787 1322 iactic
915 1299 917 1304 ,

457 1358 598 1416 sancium
608 1354 642 1416 in
653 1358 831 1430 sanctuario

454 1447 605 1513 Thamam
617 1453 750 1516 trucidet
763 1455 874 1534 gladios

454 1563 483 1627 0
498 1567 669 1645 praesulem
684 1570 854 1648 egregium,

455 1663 508 1742 qui
521 1662 620 1742 gregis
636 1665 675 1726 ad
689 1667 878 1746 praesidium

454 1759 544 1821 offeri
555 1760 589 1821 in
602 1762 788 1836 sacrificium

453 1856 563 1933 iendis,
579 1876 722 1922 cruorem
731 1857 909 1942 proprium!

453 1971 560 2034 Gloria
572 1973 644 2050 tibi,
659 1975 810 2055 Domine,

449 2072 505 2150 qai
518 2089 575 2134 nos
588 2073 622 2134 in
631 2071 769 2138 Thomna
781 2073 933 2164 sanguine

449 2167 517 2231 inse
534 2188 590 2248 pro
605 2175 658 2232 tuo
669 2159 797 2235 nemine

452 2266 619 2330 confirmes
631 2268 664 2330 in
675 2271 858 2338 certamine.

615 2415 738 2432 Q

288 2496 416 2560 Summo
428 2499 599 2562 sacerdotio
612 2498 746 2564 Thomas
760 2501 942 2574 sublimatus
953 2501 1001 2582 (1)

286 2603 332 2660 est
348 2599 381 2659 in
395 2599 497 2660 virum
509 2599 607 2661 elium
619 2599 718 2662 subito
730 2605 877 2664 mutatus.
892 2599 1032 2666 Evcuae.

286 2713 460 2777 Monachus
472 2715 528 2778 sub
542 2715 655 2778 clerico
663 2715 744 2778 clam
756 2715 955 2794 edidimus,

286 2811 399 2884 cernis,
414 2830 509 2874 carne
523 2812 642 2890 fortior,
659 2812 783 2879 edam
794 2818 935 2882 cenatus-
947 2813 1088 2880 avosca.

285 2925 392 2990 Cultor
406 2929 473 3006 egri
488 2928 605 2990 domini
620 2929 749 2992 tribulas
762 2929 796 3006 (l.
811 2925 951 3005 tn'bnicsi
965 2929 1094 3007 avadit,

285 3028 317 3087 ei
329 3025 435 3106 vulpes
448 3044 467 3087 a
478 3025 577 3088 vineis
589 3032 675 3088 arcet
686 3032 717 3088 et
732 3026 867 3107 expellit.
882 3026 1021 3090 Eamne.

285 3138 372 3202 Haec
385 3141 421 3221 (l.
439 3139 509 3234 llic)
525 3158 653 3218 magnos
665 3141 760 3220 (non)
774 3140 904 3203 sustinet
914 3139 1001 3220 iupes
1011 3139 1189 3223 desaevire,

286 3239 390 3300 necin
406 3238 556 3320 (b)crtum
568 3240 688 3301 ciarum
699 3241 822 3304 vineam
836 3241 980 3340 transire.
993 3239 1133 3304 amen.

285 3353 402 3416 Exulat
412 3355 472 3428 vir,
490 3355 612 3434 optimis
624 3373 711 3418 sacer
723 3359 754 3417 et
766 3353 909 3434 insignis,
1038 3377 1041 3384 ·

283 3469 325 3513 ne
336 3451 425 3513 cedei
436 3451 592 3516 Ecclesiae
605 3453 736 3532 dignitas
751 3451 895 3531 indignis.
910 3449 1050 3516 dronae.

285 3563 448 3627 Exulantis
462 3565 588 3646 praedia
598 3565 713 3646 praeda
725 3569 797 3628 sunt
806 3565 949 3644 malignis
958 3589 968 3648 5
988 3650 991 3656 r

287 3661 389 3724 scd'in
404 3661 475 3742 igne
492 3663 625 3744 positum
642 3663 822 3724 nonexu'rit
834 3661 925 3741 ignis.
939 3660 1081 3726 Evcdec.

277 3837 313 3902 (1)
324 3837 369 3902 dp.
380 3837 476 3902 nicaei,
486 3839 616 3904 eappan
624 3838 789 3894 cuMinietre
799 3839 832 3894 ds
844 3839 1022 3896 emmas
1031 3839 1166 3906 uim,
1179 3856 1205 3905 p.
1217 3843 1258 3892 52.
