2876 4970
541 467 724 530 -los-

77 571 177 650 Quem
193 577 378 658 promeritis
391 575 532 642 Salvator
544 580 685 660 provexit
700 575 892 660 pontificem,

118 680 155 738 ut
167 677 202 738 in
218 676 339 738 coelesti
351 681 492 738 moneret
504 675 631 739 clericos
645 679 778 756 militia,

118 773 282 836 coelestem
294 774 404 853 quibus
413 790 569 836 annonam
582 781 688 854 erogat
700 787 775 836 'cum
788 770 941 852 vestibus,

117 871 201 950 quod
213 872 371 934 in'divinis
383 871 528 952 impletur
542 874 730 953 sacratisque
742 861 898 934 affatibus.

77 967 170 1046 Regis
181 969 311 1032 nuntius
323 969 457 1032 invitans
471 969 632 1032 credentes
643 971 684 1032 ad
701 971 846 1050 nuptias,

118 1065 173 1144 qni
185 1070 314 1128 ornatur
327 1067 508 1130 vestimento
518 1068 650 1148 nuptiali
662 1069 789 1131 indutus
795 1111 806 1146 ‚

118 1163 174 1242 qui
185 1164 317 1226 coeleste
328 1164 433 1227 haurit
445 1165 553 1228 vinum
567 1167 691 1227 invasis
706 1163 904 1242 coelestibus,

117 1262 348 1342 propinansque
361 1263 418 1324 Dei
430 1264 549 1344 plebem
562 1264 657 1344 (plebi
665 1265 695 1346 2)
706 1263 844 1344 spiritale
858 1261 1014 1342 poculum.

76 1357 210 1421 Sacrum
225 1360 346 1422 invenit
357 1361 537 1424 thesaurum
557 1379 645 1422 sacro
660 1363 694 1423 in
706 1362 882 1436 volumine,

118 1457 347 1536 Salvatorieque
359 1458 393 1519 in
408 1476 501 1520 carne
518 1459 664 1520 deitatem
679 1459 834 1537 pervidet,

117 1573 213 1634 quem
226 1555 403 1617 thesaurum
420 1557 495 1617 emit
508 1558 620 1618 sanctie
632 1555 835 1635 perfectisque
847 1555 965 1617 meritis
972 1579 982 1634 5
1007 1594 1009 1598 -

118 1649 256 1716 Israhel
266 1657 395 1716 vocatur
406 1653 498 1734 hujus
511 1646 633 1730 anima,
646 1651 763 1716 videus
776 1649 883 1714 Deum
899 1657 954 1728 (l).

78 1749 180 1812 Testis
194 1750 319 1812 Domini
331 1750 429 1812 fidelis
440 1752 473 1812 in
487 1751 554 1830 lege
564 1751 734 1829 catholica,

119 1847 210 1927 eujus
222 1839 316 1909 verba
329 1852 401 1909 sunt
413 1848 526 1909 divinis
538 1847 670 1914 candida
686 1849 853 1930 (condital)
865 1850 998 1912 craculis
1010 1895 1021 1926 ,

119 1962 163 2006 ne
174 1943 332 2006 humanae
342 1949 471 2024 puteant
481 1963 590 2008 carnes
601 1963 746 2024 aesseque
762 1947 935 2026 (esaaquel)
950 1949 1146 2026 avarmibus,

119 2043 176 2104 sed
187 2043 311 2106 coelesti
324 2043 500 2122 allegantur
507 2061 615 2124 sapore
628 2045 667 2105 ad
679 2044 849 2104 victimam.

79 2138 183 2202 Varus
198 2140 296 2202 cultor
306 2143 341 2202 ei
352 2134 559 2224 insignis'agri
572 2142 762 2220 evangelici,

119 2240 213 2319 eujus
225 2243 343 2302 semina
355 2240 500 2302 videntur
514 2239 627 2320 Christi
639 2240 816 2318 evangelie,
996 2319 998 2324 ,

121 2355 205 2417 quae
221 2336 326 2399 divino
337 2339 412 2400 serit
422 2355 475 2400 ore
488 2337 522 2398 in
534 2356 625 2423 aures
637 2337 854 2418 prudentium,
887 2365 891 2370 ·
968 2359 976 2386 ι

121 2453 258 2514 quorum
268 2454 389 2517 quoque
401 2437 494 2500 corda
507 2453 543 2498 ao
556 2442 674 2498 mentes
689 2441 794 2496 sancto
809 2439 876 2498 arat
887 2435 1015 2515 Spiritu.

79 2531 210 2624 Xristus
223 2533 311 2596 illum
326 2535 484 2612 sibielegit
497 2536 531 2595 in
546 2535 636 2597 terris
650 2534 817 2610 vicarium,

123 2630 179 2710 qui
195 2631 236 2694 de
247 2632 369 2712 gemino
383 2633 517 2712 captivos
531 2633 642 2716 liberat
654 2632 802 2710 servitio,

122 2729 287 2810 plerosque
298 2731 336 2792 de
353 2731 501 2792 servitute
512 2748 588 2810 quos
605 2730 735 2812 redemit
747 2731 908 2792 hominum

123 2829 306 2890 innumeros
319 2828 356 2890 de
373 2828 482 2889 Zabuli
498 2827 542 2910 (2)
556 2829 686 2890 absolvit
698 2828 846 2891 dominio.

83 2925 204 2989 Ymnos
216 2944 288 2987 cum
299 2925 480 3006 Apocalypsi
491 2927 682 3006 psalmosque
694 2932 799 2988 cantat
809 2925 884 3002 Dei,

87 3007 97 3023 ⁶
123 3041 265 3104 quosque
278 3025 317 3086 ad
331 3021 555 3086 aedificandum
567 3023 624 3084 Dei
636 3027 747 3086 tractat
760 3024 907 3104 populum
922 3065 932 3099 ,

125 3139 222 3201 quam
232 3120 331 3200 legem
349 3123 382 3182 in
396 3121 548 3184 Trinitate
564 3121 644 3186 sacri
655 3123 751 3183 credit
763 3122 896 3183 nominis
909 3117 1064 3202 (numinis
1075 3121 1100 3197 i)

126 3219 287 3298 tribusque
300 3219 437 3299 personis
451 3237 547 3282 unam
560 3220 710 3298 docetque
725 3220 939 3280 substantiam.

85 3317 175 3378 Zona
186 3317 311 3379 Domini
322 3318 535 3398 praecinctus,
549 3318 656 3380 diebus
670 3320 706 3380 aa
722 3317 880 3394 noctibus,

126 3415 196 3478 eine
212 3414 438 3478 intermissione
449 3415 549 3477 Deum
558 3421 628 3477 orat
642 3415 827 3482 Dominum,

127 3512 218 3590 eujus
229 3514 359 3593 ingentis
372 3513 487 3576 laboris
504 3518 703 3594 percepturus
715 3513 888 3592 praemium

126 3629 202 3674 eum
215 3611 359 3693 apostolis
372 3613 512 3692 regnabit
524 3611 654 3676 Sanctus
665 3629 757 3692 super
773 3611 907 3674 Israhel.

76 3849 78 3852 .
119 3803 215 3871 (1le
228 3821 275 3856 une
289 3805 424 3856 ementiore
432 3805 625 3856 eommunel'au-
654 3819 744 3856 comme
765 3803 962 3878 danstatoelina
980 3819 1040 3880 pour
1056 3803 1193 3870 &sataliam

86 3875 142 3917 leur
164 3868 194 3917 de
214 3877 273 3918 cette
286 3867 398 3930 hymnea
415 3867 471 3916 conl
483 3867 531 3915 ndu
547 3867 623 3927 “ptem
654 3881 727 3928 voyes
739 3865 856 3926 Barthsns,
867 3867 1087 3917 Aduerecroorum
1098 3865 1114 3914 Ι.
1126 3865 1192 3930 lllll,

87 3927 207 3994 (llasaell,
217 3929 391 3994 quivoisuiau,
401 3941 459 3980 avec
468 3883 572 3988 gnavi
582 3931 628 3993 qis·
655 3929 726 3988 ch.'1‚
738 3937 762 3978 et
775 3927 796 3980 la
811 3927 912 4000 seconde
931 3929 1026 3994 strophe
1040 3929 1070 3977 de
1085 3927 1192 3993 l'lrymne

87 3991 150 4056 rael)
169 3992 247 4043 scldat
257 3992 287 4040 de
298 3991 366 4042 Dieu.
656 4005 696 4041 sur
709 3990 771 4040 seint
786 3989 871 4040 lllclrel
885 4006 929 4054 par
945 3989 1067 4040 llrabanns
1080 3989 1190 4042 Maurus:

123 4054 149 4120 (Ξ
160 4052 296 4142 „lmimimi
310 4053 345 4127 5¹¹¹
361 4067 416 4164 ξω
432 4051 625 4118 (1²¹'0b¹¹¹‘¹‘³¹¹¹⁴³¹¹t
657 4074 1101 4139 collaudamusvenerantesomnescoeli
1109 4074 1198 4145 militas·
1216 4077 1223 4085 ’

88 4133 150 4190 1²³¹,
168 4115 344 4166 mwmffllfflfl
378 4129 396 4188 θ,
410 4113 592 4224 ltdciflssoegeflll
602 4114 626 4162 ¹⁸
658 4130 829 4192 Sedpraampue
839 4135 955 4194 primatem
964 4129 1067 4174 coelesus
1079 4133 1196 4196 exereitus,

88 4178 207 4245 pausam
224 4183 255 4239 ζα
272 4177 408 4243 templaqmt
422 4177 523 4240 quelque
533 4191 569 4226 ors
580 4178 627 4236 ila,
659 4181 819 4231 lirehcelemin
830 4185 1069 4240 virtutoconterentem
1078 4179 1201 4238 zabuluma
