2876 4970
543 464 726 524 -125-

122 564 205 642 Qnia
218 568 303 630 lame
315 570 381 650 jam
393 568 576 650 loquebatur
591 574 629 636 dc
643 573 790 637 librorum
807 574 988 658 traditionep

118 666 181 729 Sed
197 669 253 746 qui
267 667 405 730 lecerunt
417 669 555 734 latebant
567 671 601 732 in
613 672 666 734 illa
677 673 860 752 perditione.

116 761 196 826 Inde
210 766 287 828 alios
300 767 531 830 intemaveuunt
544 774 580 831 ut
591 771 704 850 seipsos
715 778 836 851 possent
854 773 966 836 celare.

115 862 178 925 Per
191 865 259 926 illos
272 866 387 927 caeteri
404 871 589 929 erraverunt
600 868 752 948 principes
762 888 803 932 ex
819 869 885 948 ipse
897 874 1006 950 pertas

115 957 202 1034 Quia
213 979 275 1021 non
288 961 413 1023 eredere
427 963 550 1042 collegis
560 965 754 1044 'putaverunt
768 967 825 1030 sibi
838 973 938 1046 turpe.

112 1055 200 1134 lam,
214 1056 344 1134 iratres,
358 1057 486 1122 liniatur
500 1077 589 1122 error
602 1066 634 1126 ct
647 1062 743 1126 sinim
756 1063 790 1126 in
800 1065 937 1142 nnius„

114 1184 234 1249 Omnes
248 1189 302 1268 qui
314 1189 452 1268 gaudetis
464 1190 503 1252 de
520 1209 597 1272 paee
608 1235 618 1268 ‚
631 1194 722 1255 modo
737 1213 847 1256 verum
854 1193 1003 1275 judicate.

72 1316 233 1380 Fecerunt
243 1321 326 1398 quod
334 1321 499 1384 voluerunt
512 1327 587 1386 tunc
601 1321 634 1384 in
648 1322 701 1384 illa
712 1324 882 1385 caecitates

111 1417 186 1478 Non
195 1417 314 1497 judices
328 1418 410 1498 (con)
422 1419 578 1497 sederunt,
593 1439 657 1482 non
670 1421 842 1484 sacerdotes
854 1422 892 1483 de
907 1440 1012 1500 more,

113 1513 208 1590 Quod
220 1516 318 1578 solent
330 1517 363 1580 in
376 1518 495 1598 magnis
508 1519 623 1582 caussis
636 1521 813 1598 congregati
822 1519 963 1599 judicare
978 1544 987 1579 s
1019 1599 1021 1604 Ι

111 1613 187 1675 Non
200 1619 360 1676 accusator
371 1621 404 1678 et
416 1635 488 1678 reus
500 1621 651 1679 steterunt
662 1615 695 1678 iu
706 1616 886 1696 quaestione
899 1641 907 1677 =

110 1711 186 1773 Non
200 1715 290 1774 testes
298 1757 309 1790 ,
324 1732 388 1776 non
401 1711 642 1793 documentum,
661 1733 722 1794 quo
737 1720 859 1794 possent
871 1715 990 1776 crimen
1003 1713 1150 1794 probare5

111 1807 176 1871 Sed
188 1809 286 1885 furor,
301 1811 406 1888 dolus,
422 1813 589 1888 tumultus,
604 1811 657 1890 qui
669 1816 801 1890 regnant
815 1812 848 1872 iu
865 1810 1007 1874 salsitate.

105 1905 312 1970 Producuntur
323 1908 409 1970 nobis
420 1908 513 1972 Gesta
522 1924 602 1987 quae
616 1908 650 1970 in
660 1908 791 1972 concilio
804 1908 901 1971 solent
914 1926 979 1970 esse
986 1931 999 1989 5

112 2003 283 2066 Videamus
294 2023 374 2084 quae
385 2023 435 2068 res
449 2007 548 2084 coegit
567 2005 636 2068 fieri
649 2006 747 2068 altere
759 2011 869 2070 contra
880 2006 989 2070 ellare.

107 2100 254 2164 Simulus
270 2107 337 2164 erat
353 2103 511 2182 sacerdos,
527 2103 726 2182 deponendus
737 2109 805 2166 erat
817 2108 909 2182 eute3

109 2198 143 2261 Si
158 2218 222 2261 non
235 2204 355 2279 poterat
365 2200 478 2279 deponi
489 2243 498 2276 ,
511 2201 688 2263 tolerandus
700 2202 784 2262 intre
794 2205 860 2262 rete
875 2223 886 2279 5

108 2297 197 2360 Sicut
209 2295 300 2358 modo
311 2297 446 2360 toleratis
459 2302 524 2360 tam
539 2298 650 2360 multos
661 2298 758 2360 malos
777 2302 906 2377 aperte;

108 2395 150 2458 Et
164 2395 219 2475 qui
226 2395 313 2484 lertio
324 2413 379 2474 pro
391 2393 513 2473 lurore,
529 2395 651 2458 semotis
662 2413 759 2458 unum
771 2413 828 2475 pro
839 2415 927 2476 pecc.

111 2526 228 2590 Omnes
241 2527 295 2607 qui
308 2528 445 2606 gaudetis
462 2526 500 2589 de
513 2545 588 2607 pace
596 2571 607 2606 ‚
621 2527 711 2589 modo
725 2545 832 2589 verum
841 2528 988 2608 iudicate.

66 2658 226 2722 Gaudium
238 2677 385 2739 magnum
399 2667 479 2724 esset
491 2661 589 2743 nobis,
605 2661 632 2723 si
645 2665 719 2724 tunc
730 2662 851 2724 nolletis
860 2679 986 2740 orrere;

106 2757 169 2840 Sed
180 2759 206 2819 si
217 2762 291 2821 tunc
304 2777 368 2820 non
381 2761 479 2822 visum
492 2764 539 2821 est
552 2777 660 2822 verum
673 2803 683 2836 ‚
696 2760 746 2820 vel
759 2778 845 2821 nunc
860 2760 980 2838 experti
993 2754 1104 2822 videte.

105 2852 224 2915 Multos
237 2872 321 2916 nuno
332 2853 452 2918 hebetis
469 2871 598 2934 pravos,
613 2853 666 2934 qui
678 2853 763 2915 vobis
776 2853 936 2932 displicent
949 2851 1038 2914 valde
1053 2876 1062 2911 ε

103 2951 172 3012 Nec
184 2956 289 3014 tamen
300 2951 355 3014 hos
373 2953 519 3030 separatis
532 2969 552 3012 a
563 2956 663 3013 vestra
675 2951 903 3013 communione.
1120 2943 1125 2952 ’

105 3049 176 3110 Non
189 3049 257 3110 dico
274 3050 311 3110 de
321 3049 381 3111 illis
392 3049 525 3128 peccetis
538 3067 616 3128 quae
627 3051 751 3128 potestis
767 3055 797 3110 et
813 3067 947 3126 negare:

105 3146 231 3224 Iiustes,
246 3147 347 3226 ignes,
361 3152 476 3210 mortes
485 3149 553 3212 dico
561 3193 572 3225 ,
587 3165 667 3228 quae
680 3148 876 3210 committunt
885 3145 979 3207 vestri
991 3147 1024 3208 in
1033 3146 1121 3226 lucc5

104 3243 146 3307 Et
162 3249 268 3308 tumen
280 3245 415 3308 suffertis
430 3247 516 3320 illos,
535 3246 584 3308 vel
595 3263 721 3322 errore,
734 3244 783 3306 vel
797 3244 920 3306 timore.

104 3341 266 3418 Quantum
278 3349 364 3417 erut,
377 3343 495 3404 terrent
505 3361 604 3406 unum
615 3348 717 3422 patres
727 3343 821 3404 vestri
834 3359 889 3422 pro
900 3340 1020 3402 unitate
1032 3383 1042 3418 ,

102 3438 137 3501 si
150 3445 254 3502 tantm
267 3447 334 3502 erat
346 3431 514 3514 tumultus,
527 3445 563 3502 ut
573 3457 637 3502 non
648 3447 771 3518 possent
780 3440 959 3516 degradare.

102 3536 192 3600 Addo
206 3537 287 3616 quod
302 3539 551 3611 inmerserat,
566 3542 597 3598 et
610 3536 654 3598 nil
670 3539 813 3616 poterant
825 3534 968 3614 probare.

101 3635 164 3698 Sed
174 3653 215 3698 ne
226 3635 345 3697 crimen
362 3639 582 3714 quaereretur,
596 3634 650 3696 ubi
659 3652 691 3696 se
703 3633 849 3696 videbant
861 3649 943 3705 esse;

101 3733 280 3799 Finxerent
293 3752 326 3796 se
337 3735 429 3796 nirnis
437 3735 536 3814 justos
549 3777 558 3809 ‚
572 3751 643 3795 cum
661 3736 759 3802 toturn
771 3732 887 3794 vellent
897 3730 1023 3794 turbare
1038 3729 1099 3812 (1).

100 3863 218 3928 Omnes
231 3863 284 3947 qui
297 3863 435 3944 gaudetis
449 3864 487 3926 de
499 3881 574 3944 paee
587 3911 595 3944 ,
609 3863 700 3926 modo
714 3881 822 3926 verum
831 3861 978 3942 judicate.

59 3997 205 4068 Honores
216 4015 313 4080 vanos
325 3997 379 4078 qui
393 3998 514 4078 quaerit
527 4016 590 4061 non
601 3998 666 4059 vult
679 4015 751 4060 eum
764 3993 882 4060 Christo
894 4013 1025 4076 regnare
1038 4040 1046 4074 ‚
1114 4085 1119 4092 .

91 4173 127 4240 (l)
136 4172 314 4236 recursare,
329 4131 407 4238 quise
417 4181 498 4228 uerso
509 4171 568 4224 dous
578 4172 601 4224 le
611 4179 683 4236 tute,
695 4169 773 4238 dms
785 4185 931 4225 cucusum
944 4169 1032 4236 spllube
1040 4168 1071 4219 ds
1082 4175 1141 4235 trop.
