2876 4970
708 433 929 490 ·-130-

328 548 398 610 Non
412 547 484 625 quia
494 563 547 607 vos
558 551 677 607 sanatos
690 546 845 621 videmus,
861 547 914 608 sed
925 545 1020 607 solam
1033 543 1164 606 iormam
1176 549 1307 606 tenere.

327 635 1385 725 Quiaipsamiormamhabctsar'mentumquodpraecisumestdovite.

327 745 387 807 Sed
398 744 472 822 quid
487 742 533 804 illi
544 741 667 821 prodest
680 741 798 818 forma,
814 743 839 802 si
851 761 914 804 non
925 743 1000 804 vivit
1013 742 1051 802 de
1064 740 1190 804 radice?

327 842 458 918 Venite,
472 840 594 917 iratres,
609 840 636 902 si
650 839 741 902 uultis
752 845 787 902 ut
800 840 980 902 inseramini
995 841 1028 900 in
1042 839 1116 918 vite.

326 939 422 1001 Dolor
434 943 479 1000 est
493 955 564 998 cum
578 935 624 1016 (i)
637 937 779 999 videmus
794 938 946 1017 praecisos
958 937 1002 998 ita
1009 937 1127 1016 jacere.

327 1039 495 1100 Numerata
508 1035 680 1098 sacerdotes
692 1035 741 1096 vei
752 1035 790 1097 ab
801 1036 866 1116 ipsa
882 1035 965 1097 Petri
977 1034 1047 1096 sede
1056 1079 1065 1110 ,
1110 1071 1115 1084 ι

326 1135 366 1197 Et
378 1135 411 1195 in
427 1133 535 1196 ordine
550 1132 602 1194 illo
616 1135 739 1214 patrum
755 1133 824 1210 quis
839 1133 889 1194 cui
904 1132 1048 1194 successit
1059 1129 1183 1192 videte:

326 1233 398 1312 Ipsa
411 1235 457 1293 est
470 1235 573 1312 petra,
592 1247 687 1308 quam
697 1248 761 1293 non
776 1229 901 1292 vincent
915 1229 1064 1310 superbae
1077 1227 1250 1291 interorum
1269 1235 1385 1306 portae.

328 1364 444 1428 Omnes
462 1365 515 1444 qui
530 1363 667 1442 gaudetis
680 1363 718 1426 de
730 1381 821 1442 paee,
836 1365 925 1426 modo
937 1381 1047 1426 verum
1057 1362 1203 1452 judicate.

289 1501 372 1562 Talis
386 1500 411 1560 si
426 1497 494 1578 quis
505 1497 545 1559 ad
559 1502 590 1559 te
601 1499 705 1560 veniet
716 1499 826 1577 plenus
838 1499 988 1562 catholica
1003 1499 1062 1560 fide
1070 1545 1079 1576 ,

327 1596 440 1671 Quales
456 1595 524 1656 iilos
537 1600 656 1657 sanctos
670 1597 753 1658 viros
766 1615 871 1660 omnes
885 1599 1017 1660 solemus
1032 1599 1159 1673 audire,

326 1694 405 1755 Etsi
423 1693 479 1754 tibi
493 1693 592 1766 dicat,
608 1693 716 1772 irater,
730 1696 803 1773 quid
816 1714 865 1757 me
878 1697 925 1757 vis
937 1697 1144 1776 rebaptizare?

327 1791 409 1867 Quid
423 1792 461 1852 sit
473 1796 545 1852 ante
557 1791 673 1852 iactum
684 1795 787 1854 nescio
794 1839 804 1870 ,
820 1811 904 1855 nunc
917 1799 1021 1855 autem
1032 1811 1101 1854 sum
1114 1792 1148 1854 in
1159 1791 1276 1854 Christi
1294 1789 1364 1854 fido.

326 1889 359 1950 Si
371 1907 421 1949 me
433 1889 569 1951 maculat
578 1890 659 1968 quod
671 1891 791 1966 nescio,
804 1895 838 1952 tu
853 1892 951 1970 qualis
968 1892 1008 1954 sis
1019 1908 1105 1954 nuuc
1114 1891 1255 1956 ostende.

326 1985 439 2047 Vultus
451 1991 519 2047 tuos
532 2004 603 2048 ecce
617 1987 766 2061 adtende,
782 1989 889 2066 ignoro
904 1990 976 2067 quid
989 1989 1072 2050 sitin
1087 1989 1190 2050 corde.

327 2082 360 2144 Si
377 2101 427 2143 me
442 2083 577 2144 maculat
593 2083 674 2161 quod
692 2085 806 2161 nescio,
820 2091 853 2146 tu
871 2104 921 2146 me
935 2085 1072 2146 maculas
1083 2084 1211 2146 sortasse
1220 2129 1229 2160 ,

326 2183 365 2245 Et
379 2185 404 2244 si
416 2184 508 2246 credo
521 2201 585 2244 esse
599 2189 760 2258 sanctum,
775 2183 884 2260 quihus
897 2183 1106 2244 communicas
1119 2183 1200 2243 vide.

328 2281 361 2342 Si
375 2281 600 2358 maculatquod
611 2280 785 2356 nescimus,
798 2281 864 2360 jam
881 2301 945 2340 non
957 2286 1042 2359 potes
1057 2284 1178 2340 sanctus
1193 2295 1280 2352 esse,

328 2380 428 2454 Quem
442 2380 599 2440 maculant
613 2383 656 2439 tot
668 2384 791 2456 peccata
805 2398 884 2457 quae
896 2381 1091 2441 committunt
1106 2379 1200 2439 vestri
1213 2377 1349 2438 occulte.
1435 2393 1436 2406 ¹

329 2477 361 2552 Si
373 2482 476 2538 autem
492 2475 572 2554 quod
584 2476 682 2536 nescis
692 2494 755 2537 non
768 2495 874 2553 ouras,
887 2495 945 2538 nec
956 2495 1010 2554 ego
1023 2476 1104 2556 quod
1115 2474 1232 2535 iactum
1246 2477 1295 2536 est
1307 2478 1387 2535 auso.

325 2576 367 2638 'Et
381 2581 486 2636 tamen
505 2573 712 2636 Christianum
730 2573 822 2636 talem
835 2575 929 2636 audes
944 2581 1001 2648 (tu)
1015 2569 1226 2654 rebaptizare!

328 2707 444 2808 Omnes
462 2707 515 2786 qui
528 2706 664 2784 gaudetis
677 2707 715 2770 de
726 2725 819 2786 pace,
833 2707 923 2768 modo
936 2723 1046 2768 verum
1057 2705 1207 2785 J'udicate.

294 2845 360 2906 Vae
375 2844 427 2923 qui
445 2861 501 2922 pro
514 2841 667 2904 cathedris
681 2845 789 2905 vestris
801 2843 843 2903 sio
857 2841 1041 2903 contenditis
1054 2838 1186 2919 injuste!
1423 2602 1433 2973 ι

328 2941 473 3004 Giamatis
484 2959 537 3002 vos
550 2941 628 3004 solos
643 2946 774 3016 sanctos,
796 2941 881 3004 aliud
899 2940 1000 3002 dicitis
1012 2939 1045 3000 in
1059 2940 1152 3000 corde
1168 2962 1178 2999 a

328 3041 409 3116 Quia
423 3039 533 3102 videtis
548 3044 579 3102 et
589 3057 641 3102 ros
654 3041 766 3102 multos
782 3039 878 3101 malos
893 3039 1052 3100 abundare
1065 3037 1198 3116 ubique,

328 3138 485 3217 Numquid
498 3139 601 3200 dicere
612 3139 753 3218 potest-iss
769 3137 859 3200 Mixti
871 3155 977 3198 sumus
992 3138 1076 3198 intra
1087 3135 1177 3198 rete?

330 3237 543 3316 Respondetur
555 3238 639 3298 euim
653 3237 756 3312 vobis,
767 3238 832 3316 jam
849 3251 901 3300 ves
914 3235 990 3298 iilud
1004 3235 1180 3317 disrupisse.

328 3335 436 3413 Neque
450 3335 553 3395 dicere
564 3337 688 3414 potestis
701 3335 804 3414 paleas
815 3354 869 3397 vos
884 3336 1036 3398 sustinere
1051 3358 1059 3392 ι
1152 3411 1155 3414 ¹

329 3431 445 3493 lterum
457 3431 539 3494 enim
554 3432 788 3510 respondemus,
805 3431 864 3493 hoe
881 3432 1024 3494 fecissetis
1036 3435 1159 3492 etanta.

327 3529 397 3590 Non
411 3530 495 3592 enim
507 3530 626 3610 pejores
643 3529 802 3590 crant'iNo
820 3529 900 3592 Juda
915 3529 1084 3593 traditore.-
1430 3600 1431 3606 ἵ

330 3625 407 3689 Cum
423 3645 484 3706 quo
500 3625 635 3704 Apostoli
646 3630 831 3708 acceperunt
841 3627 974 3707 primum
990 3631 1219 3693 sacramentum
1232 3644 1357 3698 coenae,

332 3724 409 3786 Cum
425 3725 502 3786 tanti
514 3723 638 3785 sceleris
654 3743 743 3786 reum
758 3725 839 3787 inter
850 3744 883 3788 se
892 3727 957 3804 jam
972 3726 1086 3788 scirent
1099 3743 1185 3785 esse:

331 3822 396 3882 Nec
410 3826 514 3900 tannen
529 3821 584 3882 has
599 3821 804 3901 inquinabant
816 3823 919 3888 sordes
931 3825 963 3886 in
980 3823 1080 3886 alieno
1097 3822 1200 3884 corde.

330 3919 370 3980 Et
386 3924 489 3980 tamen
505 3917 693 3981 Christianos
706 3919 816 3982 iratres
829 3921 947 3984 audetis
963 3917 1168 4002 rebaptizare!

322 4094 703 4164 (¹)N01112v011mpprimduoa
716 4095 824 4150 etehun-
853 4098 994 4164 prieident;
1007 4099 1141 4148 douzerers
1151 4097 1205 4162 pius
1213 4097 1276 4160 bas,
1293 4110 1374 4150 nour·
1421 4088 1429 4159 ξ

291 4161 320 4221 8⁶
334 4159 445 4241 canitie,
456 4157 497 4224 qui
513 4173 539 4212 se
554 4159 654 4213 uourait
669 4161 728 4212 dens
737 4159 761 4211 io
771 4175 824 4214 rare
853 4176 913 4214 sons
921 4162 998 4225 ejoure
1006 4166 1035 4212 to
1041 4176 1100 4226 pour
1112 4160 1241 4224 completor
1252 4161 1277 4211 ia
1288 4171 1374 4212 meson·
