2890 4972
705 417 741 432 ..
767 393 827 452 25⁶
847 419 889 438 .-

408 492 508 554 omnie
520 497 613 556 eenot
623 495 788 562 harmonia
803 525 813 564 ι

408 590 794 671 delpbilomeneeentiou.

407 700 488 764 Olim
503 705 606 768 nitens
617 707 802 784 clarissime,
877 737 880 747 ·

380 830 383 840 ·
402 799 555 878 terrisque
568 798 785 879 famosissimo,

401 897 743 976 eonetipetriebeeilioo

402 993 554 1059 Florentii
567 1000 747 1080 praecipue.

400 1105 503 1170 Sensit
517 1109 585 1172 lero
599 1111 761 1192 incendio,

400 1219 420 1264 o
433 1210 523 1280 gente
535 1206 764 1283 erudelissima,

402 1317 475 1362 vere
488 1301 581 1364 brute
592 1304 754 1368 Britannia
760 1331 773 1388 5

399 1398 505 1476 lugere
518 1403 623 1475 cuncti
635 1404 721 1466 tolie.

400 1508 509 1576 Omnis
525 1517 608 1579 euim
624 1519 695 1584 eum
707 1519 808 1586 Gellio

398 1607 551 1675 Florentii
565 1617 710 1698 suffragia
814 1695 817 1700 ,

398 1709 576 1786 deposceret
593 1720 668 1777 tune
678 1735 811 1796 cernua,

396 1811 578 1889 contempsit
592 1813 670 1877 beee
684 1834 758 1894 gene
769 1820 872 1902 impie.

393 1917 475 1984 Olim
487 1925 556 2004 pius
568 1946 626 1990 rex
639 1927 791 2012 bonolus,

392 2037 524 2098 mugnus
537 2044 575 2088 ao
591 2029 836 2108 potentissimus,

394 2115 469 2182 leoit
478 2121 561 2184 huno
574 2125 677 2188 locum
688 2129 815 2194 devotus

395 2232 452 2294 pro
465 2218 550 2282 Beati
564 2223 740 2288 virtutibus.

393 2332 590 2396 Terrisnatis
604 2337 804 2405 loeoundibue
822 2343 914 2421 (eie),

392 2430 481 2491 auxit
492 2432 643 2496 honorem
661 2437 790 2519 largius,

391 2529 423 2588 et
435 2529 577 2606 praebuit
589 2538 836 2616 tuno,vaseulum

389 2641 505 2686 coenae
519 2627 576 2690 Dei
590 2633 802 2710 magnifieum.

387 2737 448 2799 Per
459 2738 544 2803 huno
558 2741 681 2822 lugetur
695 2752 816 2841 saepius

387 2834 552 2902 infirmitas
564 2841 797 2930 languentibus,
926 2884 932 2891 „

386 2937 418 2995 et
429 2936 543 2998 sanitas
555 2937 696 3006 fidelibus
724 2983 727 2989 -

389 3039 615 3112 praestatum
627 3040 686 3104 hoo
700 3047 850 3124 protinus.
869 3063 872 3070 ’

382 3147 456 3212 Post
470 3149 626 3231 imperans
638 3149 841 3244 illudentem,

383 3249 490 3326 mog'ni
504 3249 611 3312 Kuroli
622 3249 704 3317 lilius
712 3300 721 3331 ,

385 3343 486 3422 ipsum
501 3345 601 3410 locum
614 3351 777 3434 benignius

380 3441 452 3506 colit
463 3447 520 3524 piis
532 3451 703 3516 ornatibus.

380 3557 443 3636 Qui
457 3562 528 3624 filiis
542 3568 706 3631 rebellibus

333 3685 334 3688 ¹
367 3677 544 3724 *concussus
557 3665 625 3727 eltis
639 3665 782 3732 fluetibus

377 3761 408 3818 et
422 3757 588 3824 Franciam
601 3767 812 3848 turbantibus,

379 3873 510 3932 regnum
523 3861 647 3939 reliquit
659 3871 809 3928 mortuus.

377 3964 435 4027 llis
448 3974 580 4045 quotuor
592 3993 666 4038 mox
677 3979 816 4057 partibus

375 4085 504 4144 regnum
518 4069 575 4132 sibi
589 4077 778 4157 secantibus,
841 4161 844 4166 1
