2880 4972
759 477 879 536 -220
905 507 943 522 -

297 599 406 648 somno
417 603 526 665 parum
540 585 679 662 deditus,
695 585 762 650 visu
780 587 910 666 spiritali

297 701 407 763 corpus
419 702 528 746 carens
542 685 632 745 video
643 685 751 763 spiritu
761 687 863 762 vitali,

299 783 337 844 tie
350 802 409 862 quo
422 783 497 844 mibi
512 785 588 845 visio
602 781 637 845 fit
653 784 710 845 sub
722 783 820 846 forma
834 785 900 848 tali.

297 897 375 960 Cum
393 900 559 962 dormirem
573 900 743 979 paululum,
757 901 910 979 rigiiando
924 899 1038 973 fessus,

295 1017 367 1061 ecce
380 1000 504 1077 quidem
516 999 658 1077 spiritus,
674 1001 796 1060 noviter
812 1016 951 1078 egressus

296 1099 335 1159 de
352 1098 506 1177 praedicto
521 1116 661 1176 corpore,
676 1099 757 1158 vitiis
772 1116 950 1178 oppressus,

295 1196 431 1275 corporis
448 1196 481 1256 in
493 1196 607 1275 gemitu
626 1197 790 1275 plangebat
802 1213 960 1257 excessus.

189 1337 194 1341 ·
295 1310 312 1371 Ι
316 1315 391 1372 uxta
405 1328 514 1390 corpus
524 1311 649 1389 spiritus
660 1312 744 1372 stetit
757 1316 788 1373 et
797 1299 949 1389 ploravit,

293 1409 329 1470 in
344 1409 392 1470 his
405 1409 508 1471 verbis
522 1409 635 1471 acriter
648 1427 757 1488 corpus
768 1409 937 1488 increpavit
950 1431 959 1466 ι

297 1506 325 1569 0
341 1506 421 1568 Caro
434 1505 625 1570 miserrima!
644 1508 712 1586 quis
730 1512 760 1568 te
773 1507 816 1568 sic
828 1505 1010 1584 prostravit,

296 1622 389 1682 quam
402 1605 534 1666 mundus
549 1610 612 1667 tam
627 1622 770 1684 prospere
784 1605 915 1683 praediis
929 1601 1058 1666 ditavit?

295 1717 408 1780 Nonne
422 1719 476 1780 tibi
490 1719 588 1798 pridie
602 1719 736 1780 mundus
748 1717 957 1780 subdebatur?
978 1769 983 1780 .

296 1816 407 1877 Nonne
422 1821 452 1877 te
463 1817 620 1894 provincia
630 1821 694 1877 tota
708 1815 894 1878 verebatur?

297 1913 357 1978 Ubi
369 1933 453 1976 nune
467 1913 585 1976 iamiiia
598 1933 677 1994 quae
690 1919 720 1976 te
734 1913 942 1992 sequebatur?

299 2009 406 2073 Gauda
419 2016 474 2074 tua
489 2011 599 2074 tlorida
611 2011 677 2092 jam
688 2029 766 2073 num
778 2011 979 2091 amputatur?

296 2125 366 2186 Non
380 2143 412 2187 es
425 2127 554 2187 nuncin
568 2128 705 2188 turribus
718 2127 756 2187 de
768 2126 863 2205 petris
877 2125 1050 2202 quadratis,

296 2223 350 2284 sed
360 2239 417 2284 neo
428 2223 462 2284 in
474 2223 593 2303 palatiis
607 2241 736 2304 magnae
750 2221 923 2300 qualitatis3

297 2324 377 2400 quae
391 2321 493 2382 deleta
502 2322 615 2383 feretro
631 2339 745 2400 parvae
757 2321 938 2398 quantitatis

298 2437 383 2481 nuuc
390 2420 475 2498 jaces
489 2421 523 2481 in
536 2421 654 2482 tumulo
666 2419 809 2480 breviore
820 2420 905 2480 eatis.

299 2531 381 2608 Quin
395 2535 450 2596 tibi
461 2533 576 2614 palatia
586 2537 731 2614 prosunt,
745 2533 795 2594 vel
808 2533 882 2612 quid
896 2531 1009 2594 aedes?

297 2632 361 2696 Vix
373 2651 457 2695 nunc
469 2637 540 2696 tuns
553 2633 689 2694 tumulus
703 2637 818 2711 septem
833 2631 914 2710 capit
927 2629 1018 2710 pedes
1030 2633 1084 2704 (i).

297 2749 451 2810 quemque
463 2731 536 2794 iaise
547 2732 685 2811 judices,
699 2729 809 2791 amodo
819 2747 883 2790 non
895 2729 1015 2807 laedes3

297 2845 353 2908 per
364 2833 395 2890 to
405 2829 492 2890 nobis
504 2829 577 2890 data
589 2833 635 2906 est
648 2829 682 2888 in
694 2825 817 2888 inierno
831 2827 927 2886 sedes.

296 2941 381 3020 Ego,
397 2961 475 3021 quae
487 2949 550 3006 tam
562 2943 671 3004 nobilis
681 2941 802 3002 fueram
815 2944 935 3018 creata,
963 2953 965 2960 ’

297 3041 337 3101 ad
358 3042 589 3103 similitudinem
603 3039 729 3102 Domini
742 3037 873 3099 iormata

297 3143 329 3200 et
341 3145 375 3202 ut
384 3139 518 3201 fructum
533 3139 666 3201 iacerem
680 3145 784 3200 tecum
796 3137 956 3208 ordinata,

297 3253 354 3316 per
365 3240 395 3297 te
407 3254 475 3298 sum
487 3237 666 3298 criminibus
680 3236 771 3296 nimis
788 3230 982 3312 deformata(
1004 3232 1028 3314 ).

228 3381 230 3384 ·
299 3349 326 3412 0
339 3349 418 3411 Caro
431 3348 620 3412 miserrima!
634 3369 756 3412 mecum
774 3367 806 3410 es
817 3348 981 3425 damnata3

300 3445 327 3507 si
338 3445 430 3508 scires
446 3446 594 3525 supplicia
608 3446 695 3506 nobis
707 3451 912 3525 praeparata,
978 3447 991 3472 *⁸

299 3561 375 3604 vere
388 3561 489 3623 posses
502 3543 625 3604 dicere=
644 3540 733 3604 Heu!
748 3542 828 3620 quod
843 3539 986 3620 (quumi)
1001 3537 1051 3601 iui·
1060 3539 1156 3601 notai

300 3643 425 3706 Utlnam
440 3643 478 3704 ad
493 3643 647 3704 tumulum
658 3639 784 3702 inissem
802 3636 967 3702 translata!

300 3803 339 3854 Dc
354 3804 432 3852 utatis
447 3803 649 3863 cunuchorum,
667 3816 707 3865 ap.
719 3787 832 3863 Wrigbt‚
865 3799 944 3849 cesion
955 3799 989 3848 iot
997 3798 1059 3848 mei.
1070 3797 1107 3848 La
1116 3799 1195 3848 meme
1212 3798 1271 3850 ides
1285 3813 1311 3851 se
1326 3807 1389 3850 comt

300 3866 392 3914 Poems
406 3866 548 3915 attributed
560 3871 586 3913 to
604 3864 706 3913 Walter
723 3863 833 3924 Mones,
865 3863 924 3910 dans
935 3862 958 3910 ia
967 3859 1255 3912 beiiebitditationdebi.
1269 3865 1301 3912 de
1311 3863 1389 3912 brute

260 3935 264 3944 “
301 3941 327 3988 p.
343 3930 397 3984 187,
414 3941 548 3974 cummeneo
564 3924 625 3974 aussi
631 3939 678 4030 Kar
689 3939 716 3972 ce
732 3939 802 3972 vers:
866 3923 913 3972 tine
924 3939 965 3971 sur
975 3923 1125 3987 Bunaparte:

327 3986 403 4032 Noctis
413 3985 543 4062 crepusculo
553 3987 631 4030 brume
659 3990 768 4060 tempore.
867 4009 885 4056 fl
898 4013 931 4054 ω
939 4009 972 4065 tm
983 4008 1098 4054 mm
1106 4017 1184 4065 mn
1193 4006 1304 4057 mne
1312 4017 1388 4056 mm

333 4049 368 4114 (t)
379 4049 414 4100 Lu
424 4050 569 4114 coronaque
584 4063 700 4100 saccone
718 4049 752 4097 dn
769 4049 798 4097 de
814 4047 841 4098 Ιι.
899 4093 933 4159 (2)
942 4095 1008 4143 cem
1018 4093 1071 4142 ida
1080 4105 1106 4142 κ
1117 4101 1200 4142 mm
1212 4093 1282 4142 mi
1300 4095 1355 4142 dm
1366 4090 1389 4137 ,ω

304 4132 366 4174 mort
375 4121 543 4206 deGuiilaume
552 4121 574 4170 ie
583 4121 734 4206 conquirant
744 4137 750 4167 ι
762 4121 793 4170 Se
803 4115 837 4196 be
867 4156 937 4206 lim
954 4156 1030 4204 ,m
1046 4156 1087 4203 dos
1098 4153 1195 4217 p4meu
1210 4169 1292 4219 m„
1303 4155 1388 4216 ij*

306 4195 838 4258 querunturque,oud111¹¹1¹s⁰⁸¹³m¹⁰⁸
868 4225 932 4266 tenu
942 4217 1084 4281 puniemur
1098 4217 1128 4264 us
1145 4215 1178 4263 nt.
1194 4212 1389 4279 onomaton*

306 4267 414 4331 biuiord,
425 4269 540 4318 baucide
553 4266 584 4342 bn
594 4269 665 4317 ealles
676 4268 758 4317 laudes
766 4269 838 4317 buton
868 4294 914 4329 ,ur
924 4281 951 4329 la
957 4279 1121 4342 philosophie
1130 4279 1276 4342 mmm,
1290 4295 1315 4344 p,
1328 4279 1372 4330 50&
