2904 4972
734 464 916 527 -391-

307 575 374 641 exit
386 573 425 638 ab
438 575 496 638 hoe
509 573 595 638 inmo
608 575 709 641 suada
722 578 798 640 odor
810 578 962 660 Domin05

267 673 405 738 Alterius
418 689 521 736 sacrae
534 671 620 736 iueuo
632 691 726 736 cruor
738 675 815 738 oluit
826 694 915 755 arae,

308 771 469 853 pontificae
480 772 611 834 mundat
620 771 864 854 pontificumque
875 773 980 838 stolas·
1036 840 1039 848 ,
1172 843 1175 849 ,

267 871 420 936 Praaeuiia
430 870 509 934 haec
521 871 629 933 eadem
643 871 818 951 conspersio
832 877 993 935 consecrat
1004 888 1136 954 auram5

305 968 373 1049 ipsa
382 967 492 1050 pedem
505 959 648 1032 dextrum
661 973 822 1032 consecrat
839 972 932 1050 atquo
943 989 1086 1048 manum.
1146 1041 1150 1048 ¹

266 1064 330 1128 Noe
340 1082 498 1128 eaoramue
511 1080 580 1127 eam
593 1082 673 1145 quae
689 1073 790 1130 sacrat
800 1073 923 1130 caetera
936 1065 1095 1146 dextram,
1123 1133 1126 1142 ,
1164 1139 1167 1146 ‚
1222 1117 1225 1130 .

307 1161 660 1237 onncmsacratoummi
673 1159 982 1242 dextarapontificis.
1042 1233 1046 1242 ,
1183 1158 1199 1168 ““

266 1257 372 1322 Gauda
381 1256 508 1340 jubetur
521 1258 587 1320 orio
604 1256 674 1320 fiori
687 1259 835 1338 protectio
850 1259 965 1335 sacrie,
988 1259 992 1264 ’
1025 1255 1046 1336 j
1062 1247 1066 1256 '

305 1373 376 1436 pare
388 1361 435 1418 eat
446 1355 561 1418 excelsi
572 1357 736 1419 reticulum
746 1351 869 1438 jecorie.
1059 1351 1063 1358 '

266 1451 362 1516 Nobis
374 1450 530 1514 assiduum
549 1457 660 1531 purgat
673 1470 829 1534 synagoga
841 1457 985 1530 reatum,

309 1565 342 1612 ae
355 1549 513 1612 redimens
525 1549 611 1628 agnis
624 1548 760 1628 quotidie
772 1549 913 1629 geminis.

267 1644 350 1722 Quid
361 1663 448 1708 sacra
458 1662 697 1708 commemorem
707 1648 807 1707 totum
820 1645 943 1725 vulgata
955 1660 1009 1723 per
1021 1643 1150 1722 orbemg

308 1761 388 1824 ‘1⁰⁸0
402 1748 477 1825 quot
491 1743 586 1806 verba
599 1741 704 1808 ierunt
717 1746 762 1804 tot
775 1746 969 1806 sacramenta
981 1739 1113 1821 gerunt?
1131 1815 1135 1824 ι
1191 1745 1195 1752 ’
1236 1719 1240 1729 ’
1261 1741 1264 1750 “

268 1841 380 1905 Pressa
389 1842 498 1905 domua
509 1841 604 1904 Jacob
616 1841 753 1920 graviter
765 1841 821 1902 snb
832 1841 970 1922 principe
984 1841 1081 1919 duro,

307 1939 388 2004 iesoa
400 1941 489 2004 malie
497 1983 508 2019 ‚
523 1939 670 2020 gemitum
683 1938 788 2020 dirigit
800 1938 839 2001 ad
850 1939 1039 2019 Dominum3

268 2039 326 2104 lile
340 2057 432 2120 anper
444 2030 549 2120 ragam
562 2057 619 2102 aua
632 2038 719 2117 signa
730 2056 921 2118 manumque
934 2038 1093 2119 potentem

309 2138 429 2218 clavat,
445 2143 480 2202 ut
493 2143 599 2202 sancto
610 2138 696 2200 taxet
711 2138 771 2200 iter
782 2138 906 2217 populo.

266 2237 379 2302 Nescia
394 2237 508 2300 molliri
521 2235 659 2317 praestat
671 2253 758 2297 mens
771 2235 850 2298 dura
863 2234 989 2316 tyranni

310 2341 404 2417 atqua
416 2335 524 2399 decem
537 2335 642 2414 plagas
655 2333 827 2414 promeruit
840 2331 968 2396 validas.

269 2433 350 2499 Toto
365 2452 428 2496 non
441 2434 547 2514 potuit
554 2433 623 2496 Nilo
638 2433 780 2495 sitiauna
795 2431 911 2509 levari,

309 2533 461 2612 quotquot
473 2532 557 2594 enim
572 2529 697 2594 inerant
711 2529 841 2592 numina
854 2529 979 2610 sanguis
992 2533 1094 2593 erant.

269 2627 318 2692 Ad
331 2627 435 2708 populi
448 2644 587 2705 mansas,
602 2627 738 2707 ad'regis
753 2633 850 2690 strata
861 2627 911 2691 vel
925 2646 1011 2692 escae
1171 2623 1179 2632 “

309 2727 421 2804 intrat,
435 2725 550 2805 ubique
563 2743 682 2804 comas,
696 2743 775 2788 rana
783 2768 794 2804 ‚
808 2725 942 2788 secunda
954 2725 1033 2790 luas.

268 2823 347 2888 Indo
360 2824 453 2886 oulex
466 2828 549 2886 moto
561 2823 700 2886 surrexit
713 2825 747 2885 in
760 2842 835 2887 aera
846 2823 921 2886 limo
934 2867 945 2902 ,

309 2921 462 2982 morsibus
471 2920 601 2986 maturis
612 2937 719 2983 musca
730 2921 861 2983 molesta
873 2921 977 2984 nimis.

267 3014 387 3094 Quarta
398 3017 498 3098 replet
510 3017 603 3099 pastis
616 3016 813 3096 gravioribus
826 3017 933 3080 omnia
948 3017 1079 3101 manaim
1133 3075 1137 3082 .

310 3115 457 3180 infastum
470 3117 600 3180 canibus
613 3115 646 3178 id
656 3116 735 3179 eolat
748 3135 813 3180 esse
826 3101 935 3198 penus.
1081 3187 1084 3197 V

268 3210 524 3291 Invidioaaprim
543 3210 937 3291 armantiactgrcgetailus
1001 3217 1004 3224 '

271 3383 282 3400 ‘
309 3304 397 3368 ctada
407 3307 496 3385 gravi
506 3305 578 3368 totis
592 3305 688 3368 surda
698 3308 849 3368 remansit
864 3307 957 3387 agris.

269 3401 430 3468 Ulceribus
443 3402 552 3466 enbitis
565 3407 690 3482 turgens
703 3403 851 3485 Egyptiue
863 3403 964 3468 omnia

309 3500 394 3564 istud
410 3501 492 3564 idem
506 3502 588 3582 paesi
597 3502 720 3581 quaerit
732 3521 822 3582 opem
835 3503 964 3584 medici3

270 3597 419 3680 Septima,
438 3601 518 3663 dura
532 3618 642 3664 manua
653 3625 662 3662 z
675 3601 795 3663 rumbis
809 3605 840 3663 et
852 3602 1002 3682 grandine
1017 3603 1147 3683 mixtus,

311 3699 493 3761 interimens
507 3698 660 3776 hominos,
674 3700 766 3761 turbo
777 3703 868 3762 necat
883 3702 1025 3780 pecudes.

271 3792 360 3870 Quae
376 3802 525 3877 cuperant
545 3801 651 3877 pastae
661 3801 776 3876 sagatos
789 3803 819 3858 et
837 3795 919 3878 tigna
930 3799 1084 3886 locustae,

313 3893 463 3971 grandine
477 3899 620 3958 contusos
632 3893 860 3974 depopulantur
871 3914 971 3974 agros.

271 3989 311 4053 In
325 3990 427 4054 triduo
438 3993 559 4071 penitus
570 4009 646 4071 quos
660 3991 719 4055 iert
729 4011 793 4054 non
808 3993 914 4074 aspicit
926 3994 1025 4056 artue'
1126 3979 1173 4055 .’
1255 4046 1260 4052 .

313 4088 353 4151 ad
365 4107 511 4173 superos,
526 4090 640 4175 stygiae
649 4109 755 4192 pauens
766 4092 859 4157 homo
871 4094 1026 4180 tenebras.
1049 4190 1053 4200 .
1091 4145 1097 4154 .
