2876 4970
717 463 899 528 *ΜΒ-’-

299 584 438 656 utquam
451 578 539 638 dictis
552 594 616 638 non
627 575 778 637 convertit
790 575 891 637 fructu
904 581 1050 656 provocet
1060 575 1153 638 bono.

258 673 394 737 Gloriam
406 674 499 738 habet
512 691 583 736 cum
597 671 734 749 Christo,
748 673 898 736 honorem
912 675 944 734 in
957 673 1096 750 saeculo,

298 776 352 856 qni
364 775 402 838 ab
418 774 576 850 omnibns,
592 778 627 836 nt
640 773 698 834 Ilei
715 778 884 834 veneretur
896 772 1044 852 angelus,

298 891 390 952 quem
402 873 485 934 Deus
499 872 601 949 misit,
617 877 652 934 nt
668 871 811 946 Paulum,
826 870 984 948 adgentes
999 871 1189 951 apostolum,

296 976 332 1032 ut
346 971 521 1032 hominibus
536 971 683 1032 ducatum
698 970 859 1048 praeberet
872 987 967 1048 regno
978 970 1046 1032 Dei.

259 1067 394 1128 Humilis
407 1066 464 1128 Dei
478 1065 516 1127 ob
528 1070 647 1126 metum
659 1065 768 1144 spiritu
780 1071 812 1128 et
823 1083 966 1145 corpore,

298 1182 495 1244 superquam
511 1163 626 1225 bonum
640 1163 679 1224 ob
692 1168 797 1224 actum
809 1165 975 1242 requiescit
987 1165 1153 1242 Dominam,
1184 1205 1187 1210 -

300 1264 451 1343 cujusque
462 1263 547 1342 justa
559 1260 592 1322 in
604 1279 700 1322 earne
713 1261 826 1323 Christi
842 1267 943 1342 portat
957 1263 1115 1342 stigmata,

298 1367 330 1424 et
341 1362 428 1441 cnjus
444 1360 507 1422 sola
519 1363 696 1422 sustentans
710 1357 861 1438 gloriatur
875 1359 908 1420 iu
920 1378 1025 1422 eruca.

259 1459 394 1540 Impiger
407 1459 566 1520 eradentes
581 1459 678 1537 pascit
692 1456 821 1537 dapibus
838 1458 1033 1532 coelestibus,

247 1549 248 1552 '
298 1560 404 1636 nequi
418 1557 563 1618 videntur
576 1575 648 1617 eum
663 1555 785 1618 Christo
797 1557 831 1618 in
843 1557 894 1617 via
906 1553 1069 1638 deficiantq

299 1656 410 1735 quibus
424 1659 540 1733 erogat,
554 1659 589 1714 ut
604 1669 711 1733 panes,
725 1654 819 1716 verba
833 1655 1010 1733 evangeliea
1051 1642 1058 1708 Ῐ

298 1759 330 1814 et
343 1753 431 1831 cnjus
445 1750 701 1830 multiplicantur,
723 1755 759 1812 ut
772 1769 900 1826 menna,
916 1753 949 1812 in
963 1752 1123 1816 manibus.

258 1851 386 1915 Kastem
398 1851 452 1930 qui
464 1851 596 1913 custodit
609 1869 734 1912 earnem
749 1852 788 1912 ob
801 1869 938 1914 amorem
949 1851 1089 1928 Domini,

297 1967 391 2031 quam
405 1949 504 2026 (cuii)
516 1967 641 2010 earnem
659 1949 805 2028 templum
818 1951 941 2028 paravit
951 1949 1126 2027 Senotoqua
1139 1946 1267 2028 Spiritui
1272 1995 1291 2030 ,.

299 2067 319 2110 a
336 2066 397 2128 qno
410 2051 586 2109 constanter
601 2065 673 2108 oum
691 2047 814 2108 mundis
829 2046 999 2126 possidetur
1009 2047 1147 2123 actibus,

298 2166 392 2227 quam
406 2152 437 2208 et
454 2145 673 2225 (utl)hostiam
688 2145 858 2224 placentem
868 2145 970 2216 ¹viram
986 2146 1075 2208 offert
1092 2132 1238 2210 Domino.

258 2245 439 2324 Lumenqne
453 2243 561 2305 mundi
575 2261 756 2315 accensum,
774 2244 894 2322 ingens,
907 2244 1138 2324 evangelicum,
1212 2313 1215 2316 ,

298 2345 333 2404 in
346 2342 530 2405 candelabro
544 2341 699 2418 lavatum,
714 2347 778 2404 toto
796 2340 1071 2424 iulgenssaecu105

300 2443 408 2503 civitas
423 2441 503 2518 regis
516 2441 639 2502 mnnita
654 2459 747 2520 supra
762 2446 900 2504 montem
913 2441 1031 2520 posita,

300 2541 388 2620 eopia
401 2540 434 2600 in
448 2542 566 2616 quaest
578 2538 675 2600 multa
688 2556 782 2618 qnam
793 2539 942 2600 Dominus
954 2539 1096 2617 possidet.

260 2639 416 2701 Maximus
430 2653 565 2714 namque
575 2635 608 2696 in
622 2653 716 2712 regno
727 2636 884 2698 coelorum
896 2635 1074 2708 vocabitur,

300 2736 353 2813 qui
367 2733 449 2812 quod
463 2732 567 2794 verbis
581 2732 670 2794 docet
684 2733 794 2804 sacris,
809 2731 898 2796 laetis
911 2733 1057 2813 adimplet
1067 2733 1175 2814 bonis,

302 2833 382 2893 bono
396 2830 553 2910 praecedit
569 2829 710 2907 exemplo
722 2827 914 2907 formamque
927 2828 1084 2906 fidelium,
1122 2823 1124 2830 ’

201 2997 203 3001 ,
300 2931 477 3009 mundoque
492 2929 524 2989 in
540 2926 632 2990 corde
645 2927 738 2989 habet
750 2927 792 2988 ad
803 2927 902 2987 Deum
916 2926 1072 2990 fiduciam.

262 3030 383 3101 Nomen
398 3030 453 3090 Dei
469 3029 621 3090 audenter
635 3026 798 3087 adnuntiat
811 3026 968 3103 gentibus,

302 3127 411 3206 quibus
423 3125 553 3188 lavacris
569 3123 676 3184 salutis
688 3125 848 3183 aeternam
861 3121 914 3183 dat
928 3126 1077 3204 gratiam,

304 3243 360 3303 pro
376 3239 507 3303 quorum
521 3225 589 3282 orat
602 3219 719 3281 delictis
730 3219 768 3278 ad
783 3218 882 3282 Deum
896 3221 1053 3300 quotidie,

303 3339 358 3400 pro
370 3319 492 3400 quibus,
510 3322 544 3380 ut
557 3317 620 3378 Deo
632 3315 751 3395 dignas,
766 3316 965 3396 immolatque
981 3320 1106 3384 hostias.

262 3417 393 3479 Omnem
409 3434 465 3495 pro
479 3415 586 3476 diune
600 3411 667 3490 lege
681 3412 790 3474 mundi
804 3413 921 3490 spernit
934 3414 1080 3492 gloriam,

304 3515 358 3594 qui
369 3517 481 3576 cuneta
493 3512 531 3572 ad
546 3509 633 3588 eujus
645 3527 783 3569 mensam
794 3509 939 3572 aestimat
952 3508 1145 3591 quisquilia,

303 3632 362 3676 nac
372 3610 530 3690 ingruenti
547 3612 691 3668 movetur
708 3606 818 3666 mundi
829 3607 921 3686 hujus
933 3608 1077 3688 fulmine,

303 3711 401 3774 sedin
413 3707 548 3770 adversis
561 3705 711 3780 laetatur,
727 3721 797 3765 oum
812 3719 868 3783 pro
882 3703 1002 3769 Christo
1014 3709 1140 3787 petitura

265 3811 372 3872 Pastor
387 3809 486 3871 bonus
498 3811 529 3866 et
540 3801 638 3863 fidelis
650 3801 749 3878 gregis
761 3803 948 3882 evangelici,

304 3923 397 3983 quem
410 3904 491 3964 Deus
503 3900 558 3962 Dei
572 3897 664 3975 elegit
677 3886 830 3959 custodire
849 3901 1011 3979 populum,

307 4017 457 4078 suamque
466 4012 589 4075 pascere
601 3991 721 4073 plebem
733 3991 846 4055 divinis
857 3993 1064 4075 dogmatibus,

306 4117 362 4180 pro
375 4114 437 4178 qna
450 4095 490 4158 ed
504 4092 616 4157 Christi
629 4089 805 4174 exemplum
817 4109 904 4156 suam
914 4093 1008 4158 tradit
1021 4095 1169 4158 animem.
