2904 4972
77 554 136 616 Per
150 551 243 616 sexus
256 569 364 616 omnes
375 551 537 616 hominum
550 570 760 636 pecorumque
773 551 893 634 priores

105 653 253 738 .Egyptus
273 651 508 735 plage-perdidit
518 653 551 716 in
563 654 696 716 decimo.

76 747 104 810 A
122 749 198 810 solio
211 749 292 828 regis
304 750 343 810 ed
359 741 431 811 eum
445 744 499 830 qui
509 751 632 814 clausus
647 751 681 812 in
695 749 815 822 umbris
936 805 940 816 ,

120 847 245 928 lugebat
258 849 391 928 vinctus,
406 852 547 928 pervenit
559 851 611 912 bic
622 849 752 930 gladius.

77 945 124 1008 Ne
137 951 199 1008 tom
214 946 386 1007 communis
398 946 568 1011 involveret
581 949 686 1011 omniu
701 948 817 1027 pestisp

119 1043 185 1123 ipse
199 1042 282 1106 Deus
297 1041 392 1103 dictet
406 1040 490 1124 plebs
501 1045 643 1122 suequid
653 1043 760 1106 iaciat.

77 1139 206 1218 Pignus,
220 1137 373 1216 Hebraeo,
390 1138 444 1201 tibi
458 1141 660 1203 memorabile
674 1142 862 1220 posteritati,

120 1253 162 1297 ne
179 1253 297 1315 pereas,
316 1237 428 1316 inquit,
444 1237 600 1304 masculus
610 1255 708 1316 agnos
721 1239 792 1302 erit.

77 1333 148 1397 Hoc
164 1334 240 1396 mihi
252 1335 382 1396 libatum
390 1339 575 1398 reverenter
588 1341 620 1398 et
631 1335 753 1414 ignibus
770 1351 886 1412 essum,
924 1413 926 1418 Ι

122 1434 181 1494 hoc
194 1433 276 1496 celer
288 1433 320 1494 in
336 1431 415 1496 iacto
428 1433 520 1496 dente
533 1440 618 1514 petes
630 1434 733 1497 avido.

79 1531 145 1593 Neo
159 1530 318 1606 distinctus
336 1531 397 1594 eris
407 1547 478 1592 mee
491 1549 562 1593 cum
579 1518 922 1607 sacramenrorum,
942 1587 946 1599 .

121 1645 181 1690 nec
193 1628 270 1708 pedo
284 1627 413 1706 nudato,
429 1645 487 1690 nec
500 1628 561 1690 nisi
577 1646 648 1690 cum
661 1629 781 1692 baculo.
829 1662 832 1668 ι

79 1721 188 1788 R'estet
199 1723 237 1787 ab
247 1725 296 1787 hie
313 1725 407 1787 sacris
417 1742 458 1785 ne
469 1742 541 1805 pers
554 1725 604 1786 vel
616 1743 710 1805 parve
722 1723 860 1804 cavebis,
878 1795 882 1802 ,

126 1816 283 1900 οῖ’ῑαιηοιι,
297 1821 357 1886 hoe
370 1821 474 1902 ulique
484 1823 623 1902 contigit,
633 1824 703 1903 igne
714 1840 829 1900 cremo,

81 1921 148 1984 Nee
160 1921 247 2000 quasi
258 1937 466 1997 communem,
480 1923 596 1982 temere
603 1920 719 2000 jactate
733 1937 903 1986 eruoremz

124 2023 244 2082 constet
254 2021 287 2082 in
299 2020 357 2083 hoe
371 2019 493 2100 penitus
505 2019 656 2098 sanquine
667 2023 769 2082 vestre
782 2019 878 2082 solur.

84 2117 156 2181 Hae
169 2135 290 2199 sparsos
302 2119 389 2180 sanie
400 2123 501 2198 postes
516 2135 553 2179 ec
565 2118 663 2180 limen
675 2121 855 2198 utrumque,

127 2221 250 2278 coetera
259 2235 339 2296 qnae
353 2214 443 2278 leniet
453 2216 583 2280 dextera
598 2215 777 2298 praeteriet.
939 2213 941 2218 '

83 2312 180 2378 Festo
192 2313 257 2376 (lies
274 2313 362 2376 illum
373 2315 491 2394 quoties
505 2314 586 2376 redit
596 2331 703 2376 annue
714 2312 838 2390 testum,
861 2383 864 2390 ,

127 2411 203 2475 huic
214 2411 328 2476 referet
341 2413 452 2492 populo
466 2411 590 2477 loedere
601 2418 760 2493 perpetuo.

86 2511 121 2575 Si
129 2515 251 2574 secrete
264 2512 333 2592 piae
347 2516 491 2592 penetres
503 2511 650 2591 mysteria
662 2524 793 2588 causeo,
815 2579 819 2589 ,

131 2610 466 2690 nonsinecompunctc
482 2609 700 2696 pepeipisbeee
714 2610 829 2680 anime.
861 2653 865 2701 5
977 2647 980 2652 -
1010 2628 1056 2671 ·.:
1174 2639 1177 2646 -

86 2707 186 2770 Exilii
198 2706 280 2781 finis,
294 2711 417 2788 optatae
431 2725 527 2772 ceusu
538 2706 662 2787 quietis,
736 2767 750 2786 q,

133 2825 231 2886 agnus
246 2808 412 2889 promissae
425 2807 534 2889 pignus
548 2810 616 2870 eret
628 2806 760 2888 patriae.

90 2905 183 2982 Quot
201 2925 288 2969 mere
301 2906 418 2969 salveto
432 2905 556 2987 populo,
570 2905 869 2985 Pharaonenepeto,

134 3005 273 3086 obsequii
289 3005 446 3084 geminum
460 3003 613 3084 praestitit
625 3003 784 3084 officium

92 3101 245 3182 Quodque
256 3101 306 3164 die
316 3101 431 3165 nubem
445 3100 570 3176 meruit,
586 3098 816 3181 quodncctibus
827 3097 933 3178 ignem
959 3167 963 3176 ‚

135 3207 166 3264 et
181 3219 293 3283 penem
305 3201 383 3263 coeli
396 3201 643 3283 colloquiumque
657 3198 735 3280 llei;

93 3301 203 3380 Agnus
215 3319 308 3364 causa
320 3299 394 3381 iuit;
408 3299 445 3362 de
463 3316 610 3379 quocum
625 3298 759 3376 denique
776 3294 857 3362 (lesit
942 3363 943 3368 γ
1042 3345 1046 3354 .

137 3395 262 3456 auditor
278 3394 398 3474 dignus,
412 3394 502 3474 plpra
512 3391 597 3472 loqui
612 3390 758 3471 fugimus.

96 3492 180 3568 Quid
194 3493 307 3556 sitcvis
320 3497 465 3573 reputans
480 3497 511 3554 et
522 3509 613 3554 ovem
624 3495 801 3574 reverenter
813 3489 987 3568 benerone!
1006 3510 1010 3520 ’

137 3589 241 3672 judice
252 3609 315 3669 me,
327 3591 454 3654 stultum
466 3589 585 3670 corrige
595 3589 797 3670 propositum.

512 3735 622 3832 lurum

98 3888 138 3950 ln
150 3902 245 3947 cause
255 3885 351 3965 recipi
364 3902 419 3964 pro
430 3883 535 3964 judice
549 3901 614 3975 non
626 3883 702 3944 solet
716 3881 823 3962 hostis,

143 4001 201 4046 neo
213 3983 250 4044 lis
263 3983 322 4045 iste
330 3987 384 4046 tuo
395 3986 516 4045 constet
526 3981 560 4042 in
573 3979 713 4042 arbitrio.

102 4082 191 4146 lusto
205 4081 330 4162 quidem
342 4081 439 4148 veteri
448 4099 512 4145 uon
522 4079 608 4146 deest
622 4076 797 4186 reverentie
809 4074 883 4162 legi,
903 4147 908 4156 Ι
971 4039 975 4046 “
1035 4147 1037 4153 ,
