<?xml version="1.0" encoding="UTF-8"?>
<!DOCTYPE html PUBLIC "-//W3C//DTD XHTML 1.0 Transitional//EN"
    "http://www.w3.org/TR/xhtml1/DTD/xhtml1-transitional.dtd">
<html xmlns="http://www.w3.org/1999/xhtml" xml:lang="en" lang="en">
 <head>
  <title>
</title>
<meta http-equiv="Content-Type" content="text/html;charset=utf-8" />
  <meta name='ocr-system' content='tesseract 3.04.00' />
  <meta name='ocr-capabilities' content='ocr_page ocr_carea ocr_par ocr_line ocrx_word'/>
</head>
<body>
  <div class='ocr_page' id='page_1' title='image "./posiespopulaire00mrgoog_0227.png"; bbox 0 0 2880 4972; ppageno 0'>
   <div class='ocr_carea' id='block_1_1' title="bbox 531 413 715 476">
    <p class='ocr_par' dir='ltr' id='par_1_1' title="bbox 531 413 715 476">
     <span class='ocr_line' id='line_1_1' title="bbox 531 413 715 476; baseline 0.016 -4"><span class='ocrx_word' id='word_1_1' title='bbox 531 413 715 476; x_wconf 81' lang='lat' dir='ltr'>—2tt-</span> 
     </span>
    </p>
   </div>
   <div class='ocr_carea' id='block_1_2' title="bbox 272 523 837 2261">
    <p class='ocr_par' dir='ltr' id='par_1_2' title="bbox 275 523 716 600">
     <span class='ocr_line' id='line_1_2' title="bbox 275 523 716 600; baseline -0.005 -14"><span class='ocrx_word' id='word_1_2' title='bbox 275 525 361 586; x_wconf 85' lang='lat' dir='ltr'>Inter</span> <span class='ocrx_word' id='word_1_3' title='bbox 371 541 427 586; x_wconf 91' lang='lat' dir='ltr'>nos</span> <span class='ocrx_word' id='word_1_4' title='bbox 440 527 471 585; x_wconf 85' lang='lat' dir='ltr'>et</span> <span class='ocrx_word' id='word_1_5' title='bbox 481 540 552 600; x_wconf 85' lang='lat' dir='ltr'>vos,</span> <span class='ocrx_word' id='word_1_6' title='bbox 567 523 625 586; x_wconf 88' lang='lat' dir='ltr'>hoo</span> <span class='ocrx_word' id='word_1_7' title='bbox 637 524 716 585; x_wconf 84' lang='lat' dir='ltr'>seius</span> 
     </span>
    </p>

    <p class='ocr_par' dir='ltr' id='par_1_3' title="bbox 272 619 699 1088">
     <span class='ocr_line' id='line_1_3' title="bbox 275 619 684 702; baseline 0.002 -19"><span class='ocrx_word' id='word_1_8' title='bbox 275 623 315 684; x_wconf 87' lang='lat' dir='ltr'>Et</span> <span class='ocrx_word' id='word_1_9' title='bbox 325 640 380 702; x_wconf 92' lang='lat' dir='ltr'>pro</span> <span class='ocrx_word' id='word_1_10' title='bbox 392 625 477 684; x_wconf 84' lang='lat' dir='ltr'>certo</span> <span class='ocrx_word' id='word_1_11' title='bbox 487 619 547 684; x_wconf 88' lang='lat' dir='ltr'>hoe</span> <span class='ocrx_word' id='word_1_12' title='bbox 563 627 684 698; x_wconf 85' lang='lat' dir='ltr'>teneas,</span> 
     </span>
     <span class='ocr_line' id='line_1_4' title="bbox 279 717 644 798; baseline 0.003 -18"><span class='ocrx_word' id='word_1_13' title='bbox 279 719 407 798; x_wconf 80' lang='lat' dir='ltr'>Semper</span> <span class='ocrx_word' id='word_1_14' title='bbox 419 720 478 780; x_wconf 89' lang='lat' dir='ltr'>erit</span> <span class='ocrx_word' id='word_1_15' title='bbox 491 717 644 782; x_wconf 80' lang='lat' dir='ltr'><strong>discordia</strong></span> 
     </span>
     <span class='ocr_line' id='line_1_5' title="bbox 272 816 626 896; baseline -0.006 -16"><span class='ocrx_word' id='word_1_16' title='bbox 272 816 459 896; x_wconf 84' lang='lat' dir='ltr'>insaniaque</span> <span class='ocrx_word' id='word_1_17' title='bbox 470 817 608 878; x_wconf 85' lang='lat' dir='ltr'>maxima</span> <span class='ocrx_word' id='word_1_18' title='bbox 615 859 626 893; x_wconf 86' lang='lat'><em>,</em></span> 
     </span>
     <span class='ocr_line' id='line_1_6' title="bbox 274 913 699 990; baseline -0.005 -14"><span class='ocrx_word' id='word_1_19' title='bbox 274 913 432 990; x_wconf 78' lang='lat' dir='ltr'><strong>Quamdiu</strong></span> <span class='ocrx_word' id='word_1_20' title='bbox 444 917 546 976; x_wconf 86' lang='lat' dir='ltr'>vester</span> <span class='ocrx_word' id='word_1_21' title='bbox 556 913 699 975; x_wconf 83' lang='lat' dir='ltr'>dominus</span> 
     </span>
     <span class='ocr_line' id='line_1_7' title="bbox 272 1011 641 1088; baseline -0.005 -14"><span class='ocrx_word' id='word_1_22' title='bbox 272 1012 367 1074; x_wconf 85' lang='lat' dir='ltr'>Nobis</span> <span class='ocrx_word' id='word_1_23' title='bbox 381 1011 474 1074; x_wconf 86' lang='lat' dir='ltr'>inerit</span> <span class='ocrx_word' id='word_1_24' title='bbox 486 1013 624 1074; x_wconf 89' lang='lat' dir='ltr'>aemulus</span> <span class='ocrx_word' id='word_1_25' title='bbox 632 1055 641 1088; x_wconf 93' lang='lat'>,</span> 
     </span>
    </p>

    <p class='ocr_par' dir='ltr' id='par_1_4' title="bbox 275 1109 694 1188">
     <span class='ocr_line' id='line_1_8' title="bbox 275 1109 694 1188; baseline 0 -16"><span class='ocrx_word' id='word_1_26' title='bbox 275 1109 316 1172; x_wconf 86' lang='lat' dir='ltr'>Et</span> <span class='ocrx_word' id='word_1_27' title='bbox 329 1127 383 1172; x_wconf 84' lang='lat' dir='ltr'>vos</span> <span class='ocrx_word' id='word_1_28' title='bbox 396 1110 484 1171; x_wconf 83' lang='lat' dir='ltr'>nobis</span> <span class='ocrx_word' id='word_1_29' title='bbox 495 1109 694 1188; x_wconf 86' lang='lat' dir='ltr'>praetulerit,</span> 
     </span>
    </p>

    <p class='ocr_par' dir='ltr' id='par_1_5' title="bbox 277 1206 646 1271">
     <span class='ocr_line' id='line_1_9' title="bbox 277 1206 646 1271; baseline -0.008 -1"><span class='ocrx_word' id='word_1_30' title='bbox 277 1209 318 1271; x_wconf 82' lang='lat' dir='ltr'>Et</span> <span class='ocrx_word' id='word_1_31' title='bbox 329 1207 463 1270; x_wconf 79' lang='lat' dir='ltr'>seriores</span> <span class='ocrx_word' id='word_1_32' title='bbox 480 1206 646 1271; x_wconf 81' lang='lat' dir='ltr'>iecerit.—</span> 
     </span>
    </p>

    <p class='ocr_par' dir='ltr' id='par_1_6' title="bbox 277 1303 802 1678">
     <span class='ocr_line' id='line_1_10' title="bbox 279 1303 802 1384; baseline -0.01 -15"><span class='ocrx_word' id='word_1_33' title='bbox 279 1306 327 1370; x_wconf 77' lang='lat' dir='ltr'>Ad</span> <span class='ocrx_word' id='word_1_34' title='bbox 340 1307 419 1368; x_wconf 87' lang='lat' dir='ltr'>haee</span> <span class='ocrx_word' id='word_1_35' title='bbox 435 1305 593 1384; x_wconf 85' lang='lat' dir='ltr'>respondit</span> <span class='ocrx_word' id='word_1_36' title='bbox 612 1303 802 1376; x_wconf 83' lang='lat' dir='ltr'>monachus,</span> 
     </span>
     <span class='ocr_line' id='line_1_11' title="bbox 283 1401 737 1481; baseline -0.018 -15"><span class='ocrx_word' id='word_1_37' title='bbox 283 1403 432 1467; x_wconf 77' lang='lat' dir='ltr'>Constans</span> <span class='ocrx_word' id='word_1_38' title='bbox 444 1407 536 1481; x_wconf 87' lang='lat' dir='ltr'>atque</span> <span class='ocrx_word' id='word_1_39' title='bbox 548 1401 737 1480; x_wconf 74' lang='lat' dir='ltr'>intrepiduss</span> 
     </span>
     <span class='ocr_line' id='line_1_12' title="bbox 277 1499 790 1580; baseline -0.016 -15"><span class='ocrx_word' id='word_1_40' title='bbox 277 1499 790 1580; x_wconf 56' lang='lat' dir='ltr'>-hmmmffia.</span> 
     </span>
     <span class='ocr_line' id='line_1_13' title="bbox 280 1595 636 1678; baseline -0.014 -18"><span class='ocrx_word' id='word_1_41' title='bbox 280 1600 382 1678; x_wconf 78' lang='lat' dir='ltr'>Atque</span> <span class='ocrx_word' id='word_1_42' title='bbox 395 1595 494 1658; x_wconf 88' lang='lat' dir='ltr'>cordis</span> <span class='ocrx_word' id='word_1_43' title='bbox 506 1595 636 1656; x_wconf 86' lang='lat' dir='ltr'>audacia</span> 
     </span>
    </p>

    <p class='ocr_par' dir='ltr' id='par_1_7' title="bbox 283 1692 629 1868">
     <span class='ocr_line' id='line_1_14' title="bbox 283 1692 629 1775; baseline -0.017 -15"><span class='ocrx_word' id='word_1_44' title='bbox 283 1696 435 1775; x_wconf 79' lang='lat' dir='ltr'>Vanaque</span> <span class='ocrx_word' id='word_1_45' title='bbox 449 1692 629 1754; x_wconf 78' lang='lat' dir='ltr'><strong>extollentia</strong></span> 
     </span>
     <span class='ocr_line' id='line_1_15' title="bbox 285 1790 621 1868; baseline -0.018 -12"><span class='ocrx_word' id='word_1_46' title='bbox 285 1792 446 1856; x_wconf 79' lang='lat' dir='ltr'>Perdidisti</span> <span class='ocrx_word' id='word_1_47' title='bbox 460 1790 621 1868; x_wconf 87' lang='lat' dir='ltr'>eoelestia,</span> 
     </span>
    </p>

    <p class='ocr_par' dir='ltr' id='par_1_8' title="bbox 281 1887 837 2066">
     <span class='ocr_line' id='line_1_16' title="bbox 282 1887 837 1970; baseline -0.013 -15"><span class='ocrx_word' id='word_1_48' title='bbox 282 1891 364 1954; x_wconf 87' lang='lat' dir='ltr'>Dum</span> <span class='ocrx_word' id='word_1_49' title='bbox 378 1895 490 1968; x_wconf 82' lang='lat' dir='ltr'>putans</span> <span class='ocrx_word' id='word_1_50' title='bbox 504 1887 639 1970; x_wconf 77' lang='lat' dir='ltr'>(putaui)</span> <span class='ocrx_word' id='word_1_51' title='bbox 651 1888 716 1950; x_wconf 91' lang='lat' dir='ltr'>Deo</span> <span class='ocrx_word' id='word_1_52' title='bbox 730 1887 837 1950; x_wconf 84' lang='lat' dir='ltr'>similis</span> 
     </span>
     <span class='ocr_line' id='line_1_17' title="bbox 281 1986 630 2066; baseline -0.011 -15"><span class='ocrx_word' id='word_1_53' title='bbox 281 1989 341 2051; x_wconf 90' lang='lat' dir='ltr'>Per</span> <span class='ocrx_word' id='word_1_54' title='bbox 356 1987 529 2066; x_wconf 79' lang='lat' dir='ltr'>superbiam</span> <span class='ocrx_word' id='word_1_55' title='bbox 543 1986 630 2066; x_wconf 81' lang='lat' dir='ltr'>fieri;</span> 
     </span>
    </p>

    <p class='ocr_par' dir='ltr' id='par_1_9' title="bbox 284 2084 666 2162">
     <span class='ocr_line' id='line_1_18' title="bbox 284 2084 666 2162; baseline -0.013 -12"><span class='ocrx_word' id='word_1_56' title='bbox 284 2087 326 2150; x_wconf 85' lang='lat' dir='ltr'>Et</span> <span class='ocrx_word' id='word_1_57' title='bbox 336 2088 374 2148; x_wconf 92' lang='lat' dir='ltr'>de</span> <span class='ocrx_word' id='word_1_58' title='bbox 384 2087 468 2148; x_wconf 88' lang='lat' dir='ltr'>claro</span> <span class='ocrx_word' id='word_1_59' title='bbox 480 2084 666 2162; x_wconf 78' lang='lat' dir='ltr'>archangelo</span> 
     </span>
    </p>

    <p class='ocr_par' dir='ltr' id='par_1_10' title="bbox 280 2182 712 2261">
     <span class='ocr_line' id='line_1_19' title="bbox 280 2182 712 2261; baseline -0.012 -14"><span class='ocrx_word' id='word_1_60' title='bbox 280 2185 394 2248; x_wconf 77' lang='lat' dir='ltr'>Faetus</span> <span class='ocrx_word' id='word_1_61' title='bbox 408 2201 441 2246; x_wconf 87' lang='lat' dir='ltr'>es</span> <span class='ocrx_word' id='word_1_62' title='bbox 453 2182 540 2261; x_wconf 82' lang='lat' dir='ltr'>niger</span> <span class='ocrx_word' id='word_1_63' title='bbox 554 2183 712 2260; x_wconf 77' lang='lat' dir='ltr'>Aethiops.</span> 
     </span>
    </p>
   </div>
   <div class='ocr_carea' id='block_1_3' title="bbox 169 2281 629 2354">
    <p class='ocr_par' dir='ltr' id='par_1_11' title="bbox 169 2281 629 2354">
     <span class='ocr_line' id='line_1_20' title="bbox 169 2281 629 2354; baseline -0.017 -6"><span class='ocrx_word' id='word_1_64' title='bbox 169 2307 171 2312; x_wconf 93' lang='lat'>·</span> <span class='ocrx_word' id='word_1_65' title='bbox 282 2285 315 2346; x_wconf 90' lang='lat' dir='ltr'>Si</span> <span class='ocrx_word' id='word_1_66' title='bbox 327 2284 425 2346; x_wconf 87' lang='lat' dir='ltr'>nostri</span> <span class='ocrx_word' id='word_1_67' title='bbox 437 2283 495 2345; x_wconf 91' lang='lat' dir='ltr'>Dei</span> <span class='ocrx_word' id='word_1_68' title='bbox 508 2281 629 2354; x_wconf 87' lang='lat' dir='ltr'>bonitas</span> 
     </span>
    </p>
   </div>
   <div class='ocr_carea' id='block_1_4' title="bbox 250 2380 796 4216">
    <p class='ocr_par' dir='ltr' id='par_1_12' title="bbox 285 2380 611 2462">
     <span class='ocr_line' id='line_1_21' title="bbox 285 2380 611 2462; baseline -0.021 -16"><span class='ocrx_word' id='word_1_69' title='bbox 285 2382 386 2462; x_wconf 83' lang='lat' dir='ltr'>Atque</span> <span class='ocrx_word' id='word_1_70' title='bbox 399 2380 611 2442; x_wconf 86' lang='lat' dir='ltr'>misericordia</span> 
     </span>
    </p>

    <p class='ocr_par' dir='ltr' id='par_1_13' title="bbox 250 2475 724 2846">
     <span class='ocr_line' id='line_1_22' title="bbox 250 2475 724 2555; baseline -0.013 -14"><span class='ocrx_word' id='word_1_71' title='bbox 250 2490 253 2497; x_wconf 78' lang='lat'><em>&#39;</em></span> <span class='ocrx_word' id='word_1_72' title='bbox 280 2479 374 2541; x_wconf 90' lang='lat' dir='ltr'>Nobis</span> <span class='ocrx_word' id='word_1_73' title='bbox 387 2478 482 2539; x_wconf 86' lang='lat' dir='ltr'>donat</span> <span class='ocrx_word' id='word_1_74' title='bbox 494 2475 576 2555; x_wconf 92' lang='lat' dir='ltr'>quod</span> <span class='ocrx_word' id='word_1_75' title='bbox 587 2475 724 2537; x_wconf 84' lang='lat' dir='ltr'>tumidus</span> 
     </span>
     <span class='ocr_line' id='line_1_23' title="bbox 284 2573 720 2656; baseline -0.009 -18"><span class='ocrx_word' id='word_1_76' title='bbox 284 2575 386 2656; x_wconf 79' lang='lat' dir='ltr'>Atque</span> <span class='ocrx_word' id='word_1_77' title='bbox 398 2580 432 2637; x_wconf 93' lang='lat' dir='ltr'>tu</span> <span class='ocrx_word' id='word_1_78' title='bbox 446 2573 549 2654; x_wconf 82' lang='lat' dir='ltr'>perdis¹</span> <span class='ocrx_word' id='word_1_79' title='bbox 562 2573 720 2651; x_wconf 82' lang='lat' dir='ltr'>turgidus,</span> 
     </span>
     <span class='ocr_line' id='line_1_24' title="bbox 283 2670 713 2751; baseline -0.009 -17"><span class='ocrx_word' id='word_1_80' title='bbox 283 2673 347 2734; x_wconf 80' lang='lat' dir='ltr'>Nos</span> <span class='ocrx_word' id='word_1_81' title='bbox 362 2671 494 2733; x_wconf 89' lang='lat' dir='ltr'>humiles</span> <span class='ocrx_word' id='word_1_82' title='bbox 510 2670 713 2751; x_wconf 85' lang='lat' dir='ltr'>adquirimus.</span> 
     </span>
     <span class='ocr_line' id='line_1_25' title="bbox 285 2769 692 2846; baseline -0.005 -13"><span class='ocrx_word' id='word_1_83' title='bbox 285 2770 369 2846; x_wconf 86' lang='lat' dir='ltr'>Quid</span> <span class='ocrx_word' id='word_1_84' title='bbox 380 2769 476 2832; x_wconf 82' lang='lat' dir='ltr'>retest</span> <span class='ocrx_word' id='word_1_85' title='bbox 491 2775 527 2832; x_wconf 86' lang='lat' dir='ltr'>ut</span> <span class='ocrx_word' id='word_1_86' title='bbox 540 2774 574 2832; x_wconf 90' lang='lat' dir='ltr'>tu</span> <span class='ocrx_word' id='word_1_87' title='bbox 589 2769 692 2831; x_wconf 89' lang='lat' dir='ltr'>doleas</span> 
     </span>
    </p>

    <p class='ocr_par' dir='ltr' id='par_1_14' title="bbox 284 2865 741 3236">
     <span class='ocr_line' id='line_1_26' title="bbox 286 2865 716 2948; baseline -0.009 -17"><span class='ocrx_word' id='word_1_88' title='bbox 286 2870 349 2931; x_wconf 80' lang='lat' dir='ltr'>Nos</span> <span class='ocrx_word' id='word_1_89' title='bbox 363 2867 433 2929; x_wconf 84' lang='lat' dir='ltr'>fieri</span> <span class='ocrx_word' id='word_1_90' title='bbox 445 2869 526 2948; x_wconf 94' lang='lat' dir='ltr'>quod</span> <span class='ocrx_word' id='word_1_91' title='bbox 537 2865 661 2929; x_wconf 81' lang='lat' dir='ltr'>fueras?</span> <span class='ocrx_word' id='word_1_92' title='bbox 670 2903 716 2918; x_wconf 88' lang='lat'>-·</span> 
     </span>
     <span class='ocr_line' id='line_1_27' title="bbox 284 2965 741 3044; baseline 0 -18"><span class='ocrx_word' id='word_1_93' title='bbox 284 2965 392 3027; x_wconf 86' lang='lat' dir='ltr'>Plures</span> <span class='ocrx_word' id='word_1_94' title='bbox 406 2981 563 3026; x_wconf 85' lang='lat' dir='ltr'>sermones</span> <span class='ocrx_word' id='word_1_95' title='bbox 575 2966 741 3044; x_wconf 83' lang='lat' dir='ltr'>sparsimus</span> 
     </span>
     <span class='ocr_line' id='line_1_28' title="bbox 285 3063 739 3141; baseline 0 -17"><span class='ocrx_word' id='word_1_96' title='bbox 285 3064 331 3124; x_wconf 79' lang='lat' dir='ltr'>de</span> <span class='ocrx_word' id='word_1_97' title='bbox 342 3063 380 3128; x_wconf 91' lang='lat' dir='ltr'>de</span> <span class='ocrx_word' id='word_1_98' title='bbox 399 3063 504 3124; x_wconf 87' lang='lat' dir='ltr'>multis</span> <span class='ocrx_word' id='word_1_99' title='bbox 519 3064 618 3141; x_wconf 82' lang='lat' dir='ltr'>questi</span> <span class='ocrx_word' id='word_1_100' title='bbox 633 3080 739 3124; x_wconf 89' lang='lat' dir='ltr'>sumus</span> 
     </span>
     <span class='ocr_line' id='line_1_29' title="bbox 286 3159 693 3236; baseline 0 -14"><span class='ocrx_word' id='word_1_101' title='bbox 286 3159 375 3236; x_wconf 85' lang='lat' dir='ltr'>Quae</span> <span class='ocrx_word' id='word_1_102' title='bbox 388 3159 527 3222; x_wconf 88' lang='lat' dir='ltr'>tulerunt</span> <span class='ocrx_word' id='word_1_103' title='bbox 538 3160 693 3222; x_wconf 87' lang='lat' dir='ltr'>insomnia</span> 
     </span>
    </p>

    <p class='ocr_par' dir='ltr' id='par_1_15' title="bbox 287 3257 636 3418">
     <span class='ocr_line' id='line_1_30' title="bbox 288 3257 636 3321; baseline -0.006 -1"><span class='ocrx_word' id='word_1_104' title='bbox 288 3257 329 3321; x_wconf 85' lang='lat' dir='ltr'>Et</span> <span class='ocrx_word' id='word_1_105' title='bbox 340 3277 360 3318; x_wconf 91' lang='lat' dir='ltr'>a</span> <span class='ocrx_word' id='word_1_106' title='bbox 371 3258 470 3319; x_wconf 84' lang='lat' dir='ltr'>cordis</span> <span class='ocrx_word' id='word_1_107' title='bbox 486 3259 636 3319; x_wconf 86' lang='lat' dir='ltr'>memoria</span> 
     </span>
     <span class='ocr_line' id='line_1_31' title="bbox 287 3355 579 3418; baseline -0.007 0"><span class='ocrx_word' id='word_1_108' title='bbox 287 3355 579 3418; x_wconf 86' lang='lat' dir='ltr'>Oblivionitradita.</span> 
     </span>
    </p>

    <p class='ocr_par' dir='ltr' id='par_1_16' title="bbox 287 3455 781 3628">
     <span class='ocr_line' id='line_1_32' title="bbox 287 3455 781 3533; baseline -0.006 -16"><span class='ocrx_word' id='word_1_109' title='bbox 287 3456 397 3517; x_wconf 82' lang='lat' dir='ltr'>Adhuc</span> <span class='ocrx_word' id='word_1_110' title='bbox 410 3473 508 3516; x_wconf 92' lang='lat' dir='ltr'>unum</span> <span class='ocrx_word' id='word_1_111' title='bbox 519 3455 665 3533; x_wconf 87' lang='lat' dir='ltr'>quiddam</span> <span class='ocrx_word' id='word_1_112' title='bbox 675 3458 781 3515; x_wconf 83' lang='lat' dir='ltr'>manet</span> 
     </span>
     <span class='ocr_line' id='line_1_33' title="bbox 288 3551 704 3628; baseline -0.005 -14"><span class='ocrx_word' id='word_1_113' title='bbox 288 3552 378 3628; x_wconf 89' lang='lat' dir='ltr'>Quod</span> <span class='ocrx_word' id='word_1_114' title='bbox 388 3551 473 3615; x_wconf 87' lang='lat' dir='ltr'>vohis</span> <span class='ocrx_word' id='word_1_115' title='bbox 487 3551 574 3613; x_wconf 88' lang='lat' dir='ltr'>stilus</span> <span class='ocrx_word' id='word_1_116' title='bbox 587 3551 704 3613; x_wconf 82' lang='lat' dir='ltr'>deteret</span> 
     </span>
    </p>

    <p class='ocr_par' dir='ltr' id='par_1_17' title="bbox 290 3651 618 3729">
     <span class='ocr_line' id='line_1_34' title="bbox 290 3651 618 3729; baseline -0.012 -15"><span class='ocrx_word' id='word_1_117' title='bbox 290 3651 332 3714; x_wconf 85' lang='lat' dir='ltr'>Ut</span> <span class='ocrx_word' id='word_1_118' title='bbox 343 3651 492 3728; x_wconf 87' lang='lat' dir='ltr'>audietis,</span> <span class='ocrx_word' id='word_1_119' title='bbox 506 3651 618 3729; x_wconf 85' lang='lat' dir='ltr'>seduli,</span> 
     </span>
    </p>

    <p class='ocr_par' dir='ltr' id='par_1_18' title="bbox 289 3747 796 4216">
     <span class='ocr_line' id='line_1_35' title="bbox 289 3747 705 3830; baseline -0.005 -20"><span class='ocrx_word' id='word_1_120' title='bbox 289 3749 323 3810; x_wconf 89' lang='lat' dir='ltr'>Si</span> <span class='ocrx_word' id='word_1_121' title='bbox 333 3749 420 3810; x_wconf 87' lang='lat' dir='ltr'>vohis</span> <span class='ocrx_word' id='word_1_122' title='bbox 435 3750 554 3830; x_wconf 80' lang='lat' dir='ltr'>placet,</span> <span class='ocrx_word' id='word_1_123' title='bbox 567 3747 705 3809; x_wconf 88' lang='lat' dir='ltr'>Domini.</span> 
     </span>
     <span class='ocr_line' id='line_1_36' title="bbox 291 3846 796 3927; baseline -0.002 -18"><span class='ocrx_word' id='word_1_124' title='bbox 291 3847 379 3909; x_wconf 88' lang='lat' dir='ltr'>Tunc</span> <span class='ocrx_word' id='word_1_125' title='bbox 392 3865 527 3927; x_wconf 89' lang='lat' dir='ltr'>nequam</span> <span class='ocrx_word' id='word_1_126' title='bbox 538 3847 639 3926; x_wconf 85' lang='lat' dir='ltr'>inquit</span> <span class='ocrx_word' id='word_1_127' title='bbox 652 3846 796 3926; x_wconf 84' lang='lat' dir='ltr'>spiritus:</span> 
     </span>
     <span class='ocr_line' id='line_1_37' title="bbox 290 3934 787 4023; baseline 0 -17"><span class='ocrx_word' id='word_1_128' title='bbox 290 3978 330 3990; x_wconf 92' lang='lat'>-</span> <span class='ocrx_word' id='word_1_129' title='bbox 340 3945 409 4006; x_wconf 86' lang='lat' dir='ltr'>Jam</span> <span class='ocrx_word' id='word_1_130' title='bbox 418 3990 428 4023; x_wconf 90' lang='lat'><em>,</em></span> <span class='ocrx_word' id='word_1_131' title='bbox 444 3946 604 4007; x_wconf 82' lang='lat' dir='ltr'>matutinis</span> <span class='ocrx_word' id='word_1_132' title='bbox 614 3934 787 4022; x_wconf 76' lang='lat' dir='ltr'>terminus,</span> 
     </span>
     <span class='ocr_line' id='line_1_38' title="bbox 293 4043 707 4122; baseline 0.002 -19"><span class='ocrx_word' id='word_1_133' title='bbox 293 4043 523 4122; x_wconf 82' lang='lat' dir='ltr'>Adpropinquat</span> <span class='ocrx_word' id='word_1_134' title='bbox 534 4043 707 4122; x_wconf 78' lang='lat' dir='ltr'>Remigius,</span> 
     </span>
     <span class='ocr_line' id='line_1_39' title="bbox 293 4140 733 4216; baseline -0.005 -14"><span class='ocrx_word' id='word_1_135' title='bbox 293 4141 361 4216; x_wconf 89' lang='lat' dir='ltr'>Quo</span> <span class='ocrx_word' id='word_1_136' title='bbox 375 4141 479 4203; x_wconf 84' lang='lat' dir='ltr'>landes</span> <span class='ocrx_word' id='word_1_137' title='bbox 493 4145 607 4205; x_wconf 86' lang='lat' dir='ltr'>vestras</span> <span class='ocrx_word' id='word_1_138' title='bbox 621 4140 733 4202; x_wconf 86' lang='lat' dir='ltr'>hebeat</span> 
     </span>
    </p>
   </div>
   <div class='ocr_carea' id='block_1_5' title="bbox 0 0 1464 4972">
    <p class='ocr_par' dir='ltr' id='par_1_19' title="bbox 0 0 1464 4972">
     <span class='ocr_line' id='line_1_40' title="bbox 0 0 1464 4972; baseline 0 0"><span class='ocrx_word' id='word_1_139' title='bbox 0 0 1464 4972; x_wconf 95' lang='lat' dir='ltr'> </span> 
     </span>
    </p>
   </div>
  </div>
 </body>
</html>
