2880 4972
514 483 554 495 --
577 456 633 512 209
656 483 697 498 --

183 586 187 594 =
255 563 295 625 Et
307 565 426 626 coelum
439 581 511 626 oum
525 570 610 626 terre
622 568 728 644 codar,

203 685 205 690 ¹
253 659 396 722 Etomne
410 660 621 741 simulpsreei

256 751 346 827 Quod
357 759 471 816 nature
483 755 679 834 consolidans

252 849 387 929 Stringis
396 852 581 914 irresolubili

256 947 405 1026 vinculo,
418 969 503 1012 nexu
514 951 677 1032 quadrupli
691 952 706 1032 <
726 952 752 1034 ),

122 1085 134 1092 ,
253 1045 305 1109 Me
316 1046 430 1110 ferient
441 1049 630 1128 impavidum

254 1143 368 1207 Christi
383 1147 463 1226 regis
475 1148 651 1209 diaconum.

250 1242 571 1308 Tunoduotormelus
582 1250 719 1316 coeteros

254 1340 397 1434 illoquio
411 1348 509 1405 terret
520 1361 575 1405 suo
590 1368 599 1404 ε

252 1438 351 1502 Siros
364 1440 448 1502 hune
460 1441 559 1502 solum
571 1442 694 1504 loedere

251 1534 335 1598 Melo
349 1537 443 1632 vultis
455 1538 636 1614 conamine,

248 1631 330 1708 Quid
340 1633 473 1712 iacietis,
486 1636 611 1713 miseri,

252 1732 333 1794 Dum
344 1730 482 1795 Christus
492 1733 555 1796 huo
567 1732 713 1796 redierit?

250 1828 297 1890 Ne
310 1829 441 1906 tangetis
452 1831 614 1910 prohibeo,

249 1926 313 1989 Neo
323 1926 452 1988 laedatis
470 1927 556 1988 vobis
572 1931 653 1990 veto.

251 2023 380 2086 Sinitote
393 2023 477 2086 huno
490 2041 618 2104 pergere

250 2121 319 2198 Quo
332 2125 453 2204 jussum
466 2126 512 2184 est
525 2140 545 2183 a
556 2124 693 2204 principe

252 2217 314 2294 Qui
330 2239 388 2284 nos
400 2223 497 2283 terret
508 2238 564 2299 sue
576 2237 688 2297 eruce,

251 2315 344 2398 Cujus
356 2319 456 2381 virius
469 2317 615 2378 terribilis

249 2417 304 2478 Est
317 2417 404 2479 nobis
415 2414 634 2490 formidabilis,
726 2497 727 2500 Ἴ

250 2513 351 2589 Quem
364 2515 495 2578 sufferre
506 2532 571 2575 non
582 2528 742 2592 possumus

245 2611 309 2674 Neo
320 2614 483 2674 nominare
497 2611 649 2673 volumus.

247 2710 357 2772 Noster
370 2709 511 2790 princeps
522 2727 587 2770 non
599 2710 738 2790 sppieus,

246 2807 328 2869 uum
342 2808 444 2869 cernis
457 2807 542 2868 videi
554 2812 715 2886 tegumen,
837 2805 839 2820 ¹

247 2905 364 2968 Purum
375 2905 493 2986 putarit
506 2905 681 2983 hominem,
707 2889 715 2903 ’

246 3001 396 3080 Ignorans
407 3001 465 3062 Dei
482 2999 581 3062 filium

245 3097 345 3162 Carne
359 3117 424 3162 esse
439 3099 663 3161 abscunditum.

246 3197 303 3259 His
316 3198 415 3261 vorbis
429 3199 520 3262 duros
534 3197 694 3275 mitigans,

248 3295 382 3357 Tantum
398 3297 520 3377 pavoris
535 3294 646 3360 incutit

248 3393 289 3456 Ut
301 3413 358 3474 per
373 3395 666 3475 ignes-teterrimos,

246 3489 286 3554 Ei
298 3510 354 3572 per
365 3492 497 3554 telorum
508 3491 589 3551 eoiee
595 3529 608 3566 ,

243 3591 290 3650 Ac
302 3608 359 3670 per
372 3591 476 3670 nigras
489 3587 669 3666 voragines,

247 3687 374 3752 lilaesus
384 3694 415 3753 et
424 3687 588 3751 incolumis

248 3785 353 3848 Senoii
367 3787 456 3848 sistor
471 3784 603 3864 Remigii

63 3981 524 4093 rusuruiuuiusirsou
641 3980 1007 4118 (¹>iffggff‘22130gssssjfflp

95 4094 116 4138 si
130 4091 216 4137 {ruerus
227 4089 328 4135 illabetur
340 4089 414 4146 orbis,
750 4126 756 4138 ,

97 4145 238 4204 impavidum
246 4141 326 4191 ierieui
334 4143 418 4191 ruinae
610 4125 755 4239 gaiam&
773 4129 947 4194 mumdum
967 4137 1019 4179 tour
1037 4127 1072 4180 les
1083 4127 1147 4195 ples·

1007 4259 1046 4322 iu
