2876 4970
530 493 714 557 *tel-

66 605 203 683 Clangor
216 604 308 668 tubae
321 623 377 686 per
390 612 555 686 quaternus
569 614 670 672 terrue
680 611 783 689 plagas
795 613 960 674 concinens
1076 626 1080 634 ’

105 703 195 763 vives
210 721 274 764 unu
286 707 483 784 mortuosque
495 703 616 768 Christo
629 708 690 769 ciet
702 707 836 770 obviem.

64 799 111 861 De
124 800 250 863 coelesti
259 801 357 880 judex
374 820 458 878 erce,
472 805 631 883 majestate
643 804 793 883 fulgidus,

106 901 202 961 claris
215 901 395 978 angelorum
409 902 511 963 eboris
525 905 688 984 comitatus
702 905 813 966 ederit.

61 995 236 1058 Esubescet
247 998 328 1070 orbis
340 999 432 1060 lunae
439 1043 449 1076 ‚
463 1001 508 1061 sol
525 1007 556 1063 et
568 1000 797 1077 obscurabitur,

103 1095 214 1156 stellae
227 1095 338 1157 cadent
348 1097 566 1176 pubescentes,
580 1101 687 1161 mundi
701 1103 812 1162 tremet
823 1101 970 1164 ambitus.

61 1191 205 1254 Flamma
210 1237 220 1270 ,
237 1194 315 1270 ignis
329 1194 457 1256 anteibit
467 1196 542 1275 justi
554 1196 672 1257 vultum
684 1195 796 1276 judicis
811 1242 818 1272 ,

103 1291 220 1368 coelos,
235 1296 332 1352 terras
344 1297 374 1352 et
388 1291 533 1370 profundi
545 1292 656 1355 linctus
666 1294 752 1374 ponti
769 1294 931 1356 decorans.

60 1387 223 1450 Gloriosus
236 1389 269 1449 in
282 1388 405 1450 sublimi
418 1407 475 1452 rex
493 1390 608 1453 sedebit
624 1390 720 1469 solio;

103 1487 288 1564 angolorum
303 1487 506 1549 tremebunde
519 1487 762 1550 circumstabunt
776 1491 912 1568 agmins.

61 1584 167 1665 Hujus
179 1603 286 1647 omnes
299 1586 339 1646 ad
353 1585 441 1647 electi
459 1585 641 1664 colligentur
655 1585 828 1666 dexteram,

103 1683 193 1760 previ
210 1687 321 1761 parent
331 1701 350 1744 e
362 1683 494 1744 sinistris
506 1683 598 1745 boedi
611 1684 697 1777 velut
709 1683 825 1761 foetidi.

61 1780 129 1854 lte,
143 1780 219 1842 dicit
231 1799 288 1842 rex
303 1780 342 1842 ad
353 1781 489 1859 dextros,
503 1800 633 1862 regnum
648 1783 725 1844 eoeli
737 1783 848 1844 sumite
862 1827 870 1860 ,

103 1883 194 1957 pater
207 1879 291 1940 vobis
304 1880 386 1958 quod
402 1881 521 1958 paravit
531 1886 603 1942 ente
617 1899 708 1942 omne
721 1877 892 1942 saeculum.

61 1973 205 2038 Kuritate
219 1977 272 2056 qui
284 1976 421 2039 fraterna
433 1997 482 2039 me
493 1978 616 2059 juvistis
628 1987 810 2057 pauperem,

102 2075 241 2136 caritatis
260 2093 343 2136 nune
357 2077 530 2138 mercedem
543 2081 697 2156 reportate
710 2075 832 2137 divites.

64 2171 152 2233 Laeti
166 2171 269 2234 dicent
281 2195 290 2232 r
307 2171 449 2246 Quando,
458 2173 589 2250 Christe,
603 2191 769 2252 pauperem
784 2178 814 2235 te
827 2173 978 2251 vidimus,

103 2275 146 2346 te,
158 2287 218 2330 rex
229 2287 352 2348 magno,
366 2271 414 2332 vel
429 2276 569 2348 egentem
581 2271 717 2332 miserati
726 2271 874 2350 juvimus.

60 2365 196 2443 Magnus
209 2365 268 2428 illis
279 2368 359 2430 dicet
368 2367 465 2447 judex
477 2386 485 2422 ε
500 2365 577 2428 Cum
586 2367 705 2448 iuvistis
716 2386 884 2447 pauperos,

75 2491 78 2501 ·
103 2483 229 2543 panem,
245 2467 386 2543 domum,
397 2471 514 2529 vestem
529 2467 651 2543 dantes,
668 2483 718 2527 me
728 2467 847 2546 iuvistis
858 2466 1001 2529 humiles.

59 2561 126 2622 Nee
140 2563 273 2623 tardabit
287 2567 317 2624 et
330 2563 461 2624 sinistris
474 2563 557 2642 loqui
573 2563 675 2642 justus
690 2564 827 2625 arbiter:

101 2659 142 2720 In
153 2659 326 2738 gehennae,
338 2661 503 2734 maledicti,
519 2659 659 2722 flammas
672 2661 745 2722 binc
757 2662 913 2724 discedite.

60 2755 283 2819 Obsecrantem
295 2776 345 2819 me
357 2757 464 2819 audire
478 2757 657 2836 despexistis
671 2757 866 2833 mendicum,

101 2855 188 2928 nudo
207 2859 322 2917 vestem
340 2873 403 2916 non
417 2853 557 2932 dedistis,
575 2853 754 2932 neglexistis
768 2853 959 2933 languidum.

58 2953 244 3016 Peccatores
256 2953 359 3016 dicent
372 2977 381 3013 s
397 2952 533 3027 Christe,
549 2952 672 3030 quando
685 2957 715 3014 te
727 2953 775 3014 vel
788 2969 966 3032 pauperem,

104 3056 148 3126 te,
165 3069 222 3112 rex
235 3069 363 3130 magne,
378 3049 428 3112 vel
439 3047 598 3111 infirmum
609 3055 840 3110 contemnentes
853 3046 1041 3126 sprevimus?

57 3148 183 3224 Quibus
193 3152 303 3211 contre
310 3149 408 3228 judex
420 3147 499 3208 ellus
510 3171 519 3206 ε
532 3147 722 3208 Mendicanti
737 3145 885 3224 quamdiu
941 3219 949 3234 ᾖ

101 3263 195 3326 opem
213 3247 294 3309 lerrc
308 3245 508 3325 despexistis,
524 3262 574 3306 me
589 3243 760 3322 sprevistis,
776 3240 918 3322 improbi.

58 3345 158 3407 Retro
172 3351 266 3407 ruent
277 3349 342 3406 tum
356 3343 461 3424 injusti
473 3341 558 3422 ignes
573 3343 606 3403 in
622 3345 802 3420 perpetuos,

99 3443 220 3504 vermis
234 3461 365 3522 quorum
379 3461 443 3502 non
455 3440 616 3516 morietur,
630 3437 754 3500 llamma
769 3457 826 3500 nec
840 3439 1067 3517 restinguetur,

57 3541 159 3604 Setun
178 3544 332 3602 atrocum
349 3539 496 3613 ministris
508 3555 569 3616 quo
581 3541 705 3600 tenetur
719 3553 864 3614 carcere,

99 3639 194 3702 fletus
206 3638 259 3700 ubi
271 3639 464 3718 mugitusque
476 3636 605 3698 strident
619 3653 725 3697 omncs
737 3634 890 3697 dentibus.

58 3735 153 3798 Tunc
164 3735 271 3798 fideles
284 3736 323 3796 ad
335 3733 497 3798 coelestem
513 3734 710 3796 sustollentur
725 3734 877 3812 patriam,

101 3834 216 3894 choros
227 3831 310 3894 inter
323 3831 502 3911 angelorum
516 3832 604 3911 regni
618 3831 723 3912 petent
737 3832 859 3910 gaudis.

58 3931 154 3992 Urbis
166 3948 306 3992 summae
318 3930 495 3992 Hirusalem
507 3930 678 3992 introibunt
689 3930 818 4008 glorium

100 4045 178 4090 vera
189 4025 266 4089 lucis
277 4027 464 4106 atquepa'ois
478 4027 511 4088 in
523 4045 584 4108 que
597 4027 691 4105 tulgat
704 4028 802 4105 visio..

54 4125 162 4187 XPM.
178 4122 361 4200 (Christum)
378 4143 481 4205 regern
498 4124 561 4204 jum
575 4129 703 4208 paterne
714 4125 854 4188 claritate
866 4128 1055 4208 splendidum

100 4225 155 4287 ubi
171 4223 255 4286 celse
267 4223 427 4308 beatorum
442 4225 689 4305 contemplentur
702 4223 844 4302 agmine:
905 4244 909 4252 ’
