2876 4970
741 447 925 512 -128-

321 561 354 624 Si
367 581 431 624 non
440 561 735 641 possuntnobiscum
750 579 831 638 esre,
847 559 1057 624 excludentur
1063 558 1238 640 satrapeae
1253 580 1263 618 ι

323 659 427 720 Sinon
441 665 587 738 poterunt
599 660 734 737 excludi,
753 661 957 722 excludantur
968 661 1016 722 vei
1028 659 1066 720 de
1080 659 1184 720 corde.

323 755 411 820 Dixit
424 758 567 819 Ezechiel
580 764 703 818 sanctus
715 761 862 838 quosdam
875 759 1066 836 consignatos
1081 756 1167 833 esse,

323 853 386 928 Qui
403 859 530 933 gemunt
547 859 671 932 peccata
685 853 833 929 fratrum,
848 859 879 916 et
892 872 955 915 non
970 873 1002 916 se
1018 858 1162 933 separant
1174 851 1258 913 inde.

322 957 373 1019 Sic
387 973 443 1016 nos
454 957 578 1033 propter
592 951 689 1013 maios
702 951 813 1014 fratres
825 971 889 1013 non
903 967 1082 1031 separemur
1096 955 1236 1014 amatre.

323 1053 413 1130 Quod
425 1047 499 1114 tun'c
513 1049 599 1129 impii
612 1050 769 1126 iecerunt,
786 1050 1028 1112 extraleventes
1042 1051 1158 1124 attare,

324 1149 366 1212 Ut
379 1149 497 1228 pej0res
509 1161 594 1207 nune
608 1146 768 1222 haberent,
783 1163 875 1224 quam
889 1163 965 1225 quos
975 1146 1144 1224 se'finguut
1156 1144 1282 1222 iu'gisse.

325 1279 440 1344 Omnes
452 1279 504 1359 qui
520 1277 656 1356 gaudetis
669 1275 707 1338 de
718 1295 813 1356 pace,
829 1275 1037 1338 moderarum
1050 1275 1198 1355 judicate.

283 1431 392 1494 Omnis
406 1432 459 1510 qui
471 1431 643 1508 Scripturas
657 1427 745 1505 legit,
758 1427 846 1488 norit
863 1427 946 1506 quod
958 1425 1028 1488 volo
1045 1425 1177 1504 aperire.

323 1528 480 1589 lohannes
492 1527 624 1605 Baptista
639 1523 715 1585 dixit
726 1531 800 1585 tunc
814 1511 853 1586 ad
866 1523 998 1586 iudaeos
1010 1525 1128 1600 aperte,

324 1627 414 1701 Ques
431 1626 498 1687 ilios
509 1631 658 1702 tanquam
668 1641 773 1684 arcam
784 1641 872 1684 suam
888 1620 1029 1682 Christus
1041 1625 1143 1698 posset
1156 1620 1326 1682 vmurare.

323 1725 409 1787 Misit
421 1726 455 1810 in
469 1742 597 1786 messem
612 1725 768 1803 operarios
781 1725 944 1804 discipules
958 1726 1138 1806 praedicare
1156 1749 1165 1784 a

324 1823 384 1884 Per
394 1840 469 1900 quos
480 1840 555 1882 area
567 1822 694 1882 collecta
705 1826 766 1898 est,
782 1827 813 1884 et
824 1823 972 1884 ventilata
982 1824 1020 1885 de
1031 1839 1133 1884 cruce.

326 1921 414 1982 Tunc
426 1921 501 2000 iusti
514 1925 671 1998 tamquam
690 1919 875 1981 trumentum
893 1921 1037 1982 eeclesias
1046 1921 1216 1998 implerunt
1225 1918 1273 2000 (t)
1284 1925 1364 1984 caste
1370 1964 1378 1999 ,

325 2017 502 2079 vendentes
515 2035 594 2096 quae
606 2017 800 2096 possidebant
816 2023 847 2078 at
864 2019 980 2079 munde
994 2017 1129 2079 dieentoe
1140 2018 1221 2079 vale.

325 2115 373 2178 Ilii
387 2121 534 2196 tanquam
546 2133 651 2178 semen
663 2119 768 2192 erant,
788 2116 869 2194 qued
884 2120 946 2178 toto
958 2117 1126 2195 dispersum
1145 2122 1192 2178 est
1204 2116 1281 2178 orbe
1298 2163 1308 2196 ,

245 2261 247 2268 .
325 2213 366 2275 Ut
379 2213 441 2274 alia
455 2217 592 2292 surgeret
603 2213 708 2274 massis
721 2229 800 2291 quae
812 2212 991 2273 ventilanda
1003 2219 1048 2273 est
1060 2214 1094 2273 in
1105 2213 1179 2274 fine.
1224 2214 1230 2217 “

326 2310 413 2372 Haec
425 2311 534 2372 crescit
548 2311 629 2370 inter
643 2310 777 2384 zizania,
794 2310 870 2389 quia
883 2313 955 2371 sunt
968 2309 1112 2372 haereses
1124 2293 1262 2391 ubiquez

325 2407 428 2487 Huius
444 2409 531 2485 palea
544 2411 616 2467 sunt
629 2407 734 2486 injusti
747 2451 756 2484 ,
772 2407 898 2486 quinon
911 2409 1027 2468 suntin
1042 2409 1171 2471 unitate.

327 2505 378 2566 Ex
390 2503 500 2584 quibus
518 2507 542 2564 si
559 2510 626 2565 erat
640 2503 817 2583 Macarius,
832 2523 888 2566 nos
905 2505 979 2585 quid
994 2507 1040 2568 vis
1053 2508 1244 2586 rebaptizare
1259 2507 1333 2590 (tii

328 2633 443 2722 Omnes
456 2635 509 2716 qui
520 2634 657 2714 gaudetis
669 2635 707 2696 dc
721 2654 795 2716 pace
804 2680 814 2714 ,
829 2637 919 2700 mcdc'
930 2655 1039 2700 verum
1048 2638 1195 2717 judicate.

287 2784 371 2846 Pone
383 2784 418 2844 in
429 2785 521 2845 corde
533 2803 622 2846 areas
637 2785 729 2863 duas,
746 2793 779 2847 ut
791 2787 887 2865 possis
902 2785 982 2866 quod
992 2787 1062 2849 dica
1074 2789 1191 2850 videre.

322 2881 448 2942 Priores
459 2881 504 2962 (3)
517 2882 671 2942 habebant
683 2887 820 2952 sanctos,
836 2883 913 2943 sicut
925 2883 1090 2944 ostendunt
1103 2883 1281 2965 Scripturas
1296 2909 1307 2944 s

326 2980 406 3041 Nam
420 2983 450 3040 et
462 2984 577 3058 septem
589 2980 687 3040 miliia
698 2981 837 3040 virorum
850 2979 932 3041 Deus
947 2998 979 3041 se
987 2980 1068 3042 dixit
1080 2981 1261 3062 reliquisse3

322 3076 363 3138 Et
381 3079 552 3140 sacerdotes
567 3083 598 3139 et
613 3097 718 3157 regas,
732 3078 822 3139 multi
833 3079 909 3157 iusti
921 3082 992 3141 sunt
1007 3081 1040 3140 in
1054 3080 1131 3158 iege.

263 3235 264 3240 ,
324 3173 372 3235 Ibi
384 3174 479 3236 hebes
493 3181 592 3237 tantos
604 3177 785 3255 prophetas,
801 3175 895 3236 habes
907 3175 1019 3236 muitcs
1033 3177 1115 3238 etde
1132 3177 1232 3255 plebe.

323 3270 381 3332 Dic
398 3272 476 3331 mihi
490 3274 557 3350 quis
570 3279 644 3333 tunc
653 3273 806 3350 justorum
821 3273 975 3350 separavit
988 3273 1046 3333 sibi
1058 3272 1182 3335 altare?

324 3367 424 3428 Multa
439 3369 554 3428 scelera
572 3368 751 3429 admittebat
764 3367 887 3446 iniquus
901 3369 1030 3447 populus
1048 3369 1118 3444 ilie,

325 3461 419 3524 Idolis
432 3463 639 3526 sacrificatum
655 3467 720 3538 est,
739 3468 785 3524 tot
801 3463 894 3524 eccisi
908 3468 980 3524 sunt
997 3465 1180 3554 pmphetaep

323 3559 363 3620 Et
375 3579 466 3621 nemo
484 3565 589 3621 tamen
601 3563 754 3641 justorum
766 3562 891 3621 recessit
905 3562 943 3622 ab
955 3563 1085 3624 unitate.

322 3658 340 3719 J
343 3662 402 3721 usti
413 3660 541 3740 injustos
555 3659 741 3720 sufferebant
749 3703 758 3737 ,
773 3663 905 3720 venturo
918 3659 1119 3740 ventilatore;
1192 3659 1196 3666 ’

319 3833 356 3908 (t)
366 3835 403 3908 ᾼιι
412 3833 460 3884 lieu
468 3833 667 3908 fi’inrpievemnt
678 3833 768 3898 quales
777 3833 823 3884 Be-
852 3823 935 3896 utres,
954 3845 979 3888 et
993 3835 1156 3910 malatestis·
1175 3837 1252 3888 anuh
1264 3841 1385 3892 muner&

289 3897 575 4032 ¹1⁶t3¹ftttttt¹ttttt
578 3897 821 4008 rtffltttttta.
850 3898 1384 4032 stitt‘tttitttttttttrt'rttt

290 4019 416 4071 uderarem
429 4032 520 4068 camme
533 4019 728 4094 neniisbepteme
743 4023 821 4094 derant
850 4021 927 4083 siuas.
1158 4083 1165 4094 ·

289 4097 333 4149 par
343 4081 495 4170 sesmarum,
508 4098 566 4132 mars
578 4083 606 4132 ris
615 4098 645 4131 ne
658 4092 821 4160 permutarent
882 4082 994 4156 (iiivNeus
1005 4097 1078 4133 avens
1086 4085 1205 4196 suppurat
1213 4085 1287 4139 Certe
1299 4094 1334 4150 et,
1345 4088 1382 4154 qui

290 4160 333 4210 pes
349 4159 422 4210 quoa
436 4145 471 4194 les
488 4150 587 4196 autemut
602 4147 661 4196 daus
676 4145 738 4195 leurs
748 4159 820 4195 erme-
849 4145 1004 4198 reudarentlc
1013 4159 1067 4198 rem
1075 4153 1125 4212 trop
1142 4161 1197 4210 eug.
