2954 4974
702 500 740 517 ’-
763 469 822 535 tiu
844 499 883 518 -·

442 583 520 666 puta
533 541 593 645 tide
607 582 669 644 sint
683 571 822 646 centemi
830 604 842 660 i

485 681 560 744 satis
576 684 622 744 est
633 679 822 743 dominicum

483 796 595 860 corpus
608 777 648 840 ad
662 777 808 840 viaticum

526 893 651 938 crucam
665 872 852 937 defendenti.

568 1003 702 1085 Lignum
719 1005 839 1082 crucis,

567 1105 690 1184 signum
703 1103 790 1166 ducis
890 1151 893 1160 .

484 1208 623 1290 sequitur
637 1205 794 1268 exercitus
805 1227 816 1284 ς

563 1305 646 1388 qu'cd
659 1319 723 1366 non
738 1303 849 1380 cessit,

560 1403 612 1466 sed
627 1399 795 1484 praecessit

483 1504 559 1566 invi
571 1501 678 1566 Sancti
691 1500 836 1582 Spiritus.

442 1635 600 1711 Christus,
613 1633 737 1696 tradem
748 1651 782 1700 sc
792 1631 902 1700 tortori
908 1673 920 1709 ,

443 1734 596 1798 mutuavit
612 1731 784 1812 peccateri3

445 1834 492 1910 si,
507 1835 662 1913 peccatur,
677 1847 742 1891 non
759 1827 806 1892 ris
815 1826 898 1890 muri

480 1934 605 2011 propter
620 1945 676 2010 pro
689 1931 910 2006 tcmcrtuum,
969 1977 972 1984 .

484 2029 567 2092 mate
577 2027 670 2091 solvis
680 2030 825 2090 mutuum

528 2129 583 2187 tuo
595 2123 741 2188 creatori.

446 2240 528 2305 Sane
540 2244 641 2321 potest
651 2237 808 2318 indignari
822 2281 832 2313 ,

446 2340 497 2402 cui
510 2339 647 2402 declinas
664 2337 826 2415 inclinari3

446 2437 538 2514 dum,
553 2437 587 2499 in
598 2436 698 2499 crucis
712 2433 879 2511 torculari,
983 2483 986 2490 .

487 2554 543 2616 pro
557 2541 588 2598 te
605 2534 703 2600 iactus
716 2531 841 2610 hostia,

489 2635 545 2698 tibi
558 2633 657 2698 tendit
670 2631 820 2711 brachia,

542 2751 602 2797 nec
615 2734 661 2796 ris
672 2729 854 2814 amplexati.
951 2787 954 2797 ,

588 2848 720 2928 Lignum
736 2846 856 2923 crucis,
907 2906 910 2915 ,

590 2943 813 3026 signnmdncis

500 3045 640 3128 sequitur
651 3042 827 3120 exercitus3

592 3141 675 3226 qnod
688 3159 753 3202 non
766 3139 874 3217 cessit,

596 3239 649 3303 sed
660 3235 826 3319 praecessit

487 3340 523 3407 in
536 3339 569 3401 vi
582 3337 687 3401 Sancti
702 3335 845 3418 Spiritus.

446 3451 526 3522 Cum
537 3451 678 3518 attendas
690 3451 730 3516 ad
741 3451 816 3533 quid
832 3449 925 3517 tendo
937 3493 946 3530 ,

362 3622 366 3630 ,
449 3571 574 3616 crucem
589 3550 699 3628 tollas,
714 3555 746 3613 at
761 3547 900 3613 vovendo

447 3651 531 3752 dicus
547 3646 894 3726 zlttimcccmmendc‚
993 3692 995 3704 .

481 3749 535 3829 qui
548 3764 659 3827 corpus
670 3753 701 3810 et
714 3747 852 3810 animam

433 3867 440 3880 ·
487 3845 634 3926 expendit
647 3846 681 3905 in
694 3844 855 3906 uictimam

532 3963 588 4025 pro
600 3962 651 4006 me
666 3941 838 4004 moriendo.

573 4058 706 4142 Lignum
716 4055 837 4134 crucis,
965 4101 968 4108 .

571 4159 691 4236 signum
705 4153 793 4218 ducis
