2904 4972
497 455 538 473 ·-
559 427 618 490 tra
638 457 680 472 -

118 545 150 604 et
164 557 204 602 ax
218 539 355 620 quinquo
367 539 497 620 panidos
511 539 623 602 motor
638 539 759 604 satiavit
767 581 777 616 ,

116 657 210 718 quern
223 639 382 712 iohannes
395 638 577 718 paeonica
590 633 684 718 digito
697 639 880 702 morisim&
968 653 973 664 ¹

118 744 149 800 at
161 738 177 799 J
179 738 303 800 ordonio
315 737 449 802 sentiant
460 742 529 818 post
541 737 776 816 retrogradoeit.

117 851 211 914 Cruci
229 853 354 916 demum
367 851 448 917 fixus
459 855 506 914 ost
516 851 599 916 Dono
613 853 707 916 homo
722 857 831 933 natuo3

115 966 230 1026 aquam
243 953 336 1026 etqua
350 948 531 1026 sanguinem
545 949 653 1028 sparsit
665 951 731 1029 ejus
745 947 847 1027 latua,
937 933 946 964 '

115 1065 179 1124 quo
191 1064 228 1108 ao
240 1047 295 1108 taii
307 1047 405 1126 pretio
419 1046 553 1112 mundus
568 1050 613 1108 ast
624 1046 760 1110 salvatus

115 1145 170 1222 qni
185 1162 240 1224 per
257 1143 391 1223 primurn
407 1144 567 1218 hominem
580 1144 681 1220 iuerat
693 1145 869 1214 damnatus.

116 1253 207 1317 Eiron
220 1251 228 1315 t
244 1261 329 1316 tarro
343 1255 475 1336 inclyta,
490 1257 768 1337 terminatione,

115 1351 183 1415 solo
194 1353 285 1432 digna
299 1352 415 1433 perfrui
424 1353 533 1416 florida
547 1357 677 1416 corono!

117 1451 218 1518 Tarra
230 1451 284 1515 cni
294 1452 424 1516 dederat
436 1453 521 1514 neus
529 1457 617 1514 tanta
628 1453 729 1530 dona,

116 1545 216 1623 eheu!
232 1549 382 1628 quantum
396 1549 492 1630 impia
506 1554 535 1612 ta
546 1567 630 1614 nuno
642 1550 735 1630 cingit
752 1545 850 1642 zona!

115 1657 224 1726 Eiron!
242 1659 337 1730 aheni
352 1661 501 1738 nomine,
518 1662 798 1742 gioriojnatorum,

114 1759 302 1839 angolorum
315 1761 456 1838 bonitas,
472 1761 554 1824 seius
566 1761 779 1842 peccatorum!

116 1852 198 1916 Ecce
215 1872 308 1926 canes
320 1855 485 1924 comedunt
498 1874 593 1934 panas
602 1855 757 1934 filiorum,

116 1953 203 2015 neiat
214 1971 297 2033 aqua
310 1953 449 2016 tunditur
461 1955 583 2034 sangnis
594 1967 678 2016 nunc¹
693 1958 885 2022 sanctornm!

115 2066 204 2138 ntea
217 2114 232 2156 ,Ι
247 2088 355 2134 omncs
365 2067 486 2150 popuii!
500 2069 586 2132 Flete
602 2074 632 2132 et
644 2086 708 2132 non
719 2071 845 2150 parum!

113 2167 233 2241 Graves
246 2169 347 2236 hirtos
360 2167 469 2246 facita,
484 2167 641 2248 planctum
654 2173 685 2229 et
694 2166 855 2230 amornrni

119 2266 264 2329 Flamina
275 2265 441 2340 edendnm
453 2267 553 2328 undas
564 2263 791 2350 lacrymarum!

118 2363 170 2430 Sic
182 2365 305 2427 ruinam
319 2364 453 2444 plangite
465 2363 587 2428 orbium
602 2369 791 2428 sanctarum.

118 2477 207 2542 Flete
220 2479 423 2552 amarissime,
437 2497 545 2540 omncs
559 2479 729 2544 auditores!

117 2577 224 2658 Magni
241 2583 335 2660 atque
349 2578 472 2644 minimi
483 2578 595 2642 fratros
609 2584 639 2643 ot
653 2595 800 2659 aoratos,

117 2680 237 2737 mactato
252 2676 285 2736 in
296 2676 407 2738 rnoiiuo
417 2677 512 2738 vitano
525 2681 618 2755 atque
629 2695 731 2738 mores
739 2721 749 2755 ,

119 2773 246 2836 nam-do
259 2773 344 2836 oooio
357 2775 504 2855 prospicit
514 2775 598 2838 Deos
612 2781 800 2856 peccatores.

117 2889 182 2952 Det
194 2888 426 2968 dogcitcirnpiio
439 2933 448 2964 ,
463 2889 553 2968 punit
573 2889 787 2969 delinquentes

117 2992 150 3061 ot
162 3005 217 3070 por
231 2994 352 3068 ternpus
362 2988 489 3066 corrigit
502 2986 595 3052 atuita
609 2993 858 3070 praesumanteoc

115 3085 249 3149 hcmiiao
264 3085 430 3164 giorificat,
442 3085 547 3166 dejicit
562 3089 698 3163 potentes
706 3128 716 3163 ,

114 3183 227 3263 recipit
240 3188 275 3260 ot
285 3183 363 3249 fitios
378 3183 469 3262 digna
484 3183 684 3262 poenitentes.

116 3301 168 3364 Sic
186 3301 283 3366 iratos
296 3301 447 3374 Dominus
460 3297 614 3384 quondam
626 3299 750 3378 Israeli,

113 3398 257 3478 judicans
270 3404 301 3461 ot
315 3400 347 3474 (Ι.
362 3401 411 3473 do)
426 3399 560 3460 nubibus
570 3405 601 3462 ct
612 3399 650 3460 da
662 3399 725 3462 aito
736 3399 831 3484 coeii,

113 3496 229 3568 Arcam
244 3495 454 3574 Testamenti,
470 3515 617 3560 aooonm
634 3495 794 3576 ignorati,

113 3593 277 3658 tradidisse
293 3594 404 3672 iegitur
417 3596 527 3674 populo
538 3595 666 3666 crudeli.

115 3707 192 3783 Sed,
209 3711 241 3768 et
250 3708 386 3786 quanwis
400 3709 517 3771 viribus
530 3710 607 3772 haec
625 3709 775 3789 potabant
789 3711 880 3792 acta,

118 3812 192 3869 sunt
206 3803 358 3886 computat
368 3805 513 3889 plangere
524 3807 627 3871 statim
642 3823 697 3870 oua
711 3807 811 3888 iactc;

117 3909 290 3984 cooperunt
300 3905 430 3976 reddero
443 3923 574 3971 munera
585 3923 655 3972 oum
665 3905 746 3967 droa
760 3903 835 3982 (cio)
842 3928 851 3986 ;

123 4021 198 4064 nom
214 4003 339 4069 iiioronr
351 4003 472 4079 viscora
483 4001 797 4082 stabantpntreiacto.

118 4116 344 4196 Convertamur
358 4117 452 4196 igitur
468 4120 498 4179 at
517 4117 744 4198 poenittomns5
848 4117 850 4124 ’
907 4111 910 4120 “
