2880 4972
541 445 726 500 -211-

286 555 391 630 Quare
405 553 543 618 Cbristus
557 556 595 616 ad
609 556 725 616 inleros

277 653 491 731 Descenderit,
506 670 566 731 quo
579 653 699 714 animes

278 749 372 814 Vobis
387 751 507 813 tolleret
517 751 661 827 miseras,

277 847 317 910 Et
327 850 365 909 de
377 850 532 911 servitutis
542 850 615 928 jugo

278 947 393 1008 Tantos
406 947 692 1022 reddereoliberos,

278 1044 400 1106 Peccati
414 1047 494 1108 mole
509 1044 650 1124 gravidos

274 1141 386 1204 Vestro
400 1143 519 1206 tolleret
531 1143 648 1224 jugulo.

279 1239 378 1302 Miror
390 1241 531 1320 equidem
545 1242 677 1300 nimium

281 1337 358 1399 Tam
369 1337 505 1400 validum
523 1338 705 1416 imperium,

274 1433 326 1496 Sic
336 1434 448 1496 lraetos
462 1439 562 1514 postes
573 1433 689 1494 lerreos

279 1530 377 1595 Unius
389 1531 502 1595 Christi
516 1532 624 1611 digito.
635 1565 676 1578 -

278 1629 346 1708 lpse
362 1630 560 1706 infrendens,
578 1629 764 1705 barbarum,

275 1726 492 1804 Horrendum,
504 1745 653 1789 resonans
666 1733 798 1804 tetrum,

277 1821 339 1885 Ore
351 1823 479 1886 distorto
493 1825 601 1904 incipit

277 1916 445 1998 Lebrisque
459 1917 563 1979 lremit
577 1918 715 1980 tremulis
729 1943 737 1979 ε

275 2049 317 2062 -
330 2014 412 2077 Audi
425 2034 509 2078 nuno
515 2062 525 2096 ,
541 2017 621 2078 male
636 2017 809 2093 monache,

268 2111 362 2180 ,Aure
376 2113 475 2174 cordis
487 2119 518 2176 et
530 2115 671 2194 percipe,

278 2209 363 2272 Vera
373 2211 489 2273 invitus
499 2211 609 2274 intimo

278 2307 368 2382 Quod
381 2307 456 2388 (eie)
470 2310 570 2372 celare
584 2309 636 2370 sed
651 2325 770 2387 nequeo
784 2332 792 2366 ι
818 2368 821 2372 ,
835 2352 837 2356 -

278 2405 358 2468 llam
373 2423 477 2470 meum
491 2413 609 2469 nonest
622 2407 726 2469 dicere

282 2501 371 2578 Quod
392 2521 500 2566 verum
514 2510 560 2566 est
572 2502 759 2566 omnimode.

275 2599 440 2664 Pontifices
454 2603 610 2682 sacrilegi,

243 2715 250 2724 ·
280 2697 413 2762 Abbales
423 2717 551 2762 normae
563 2702 675 2775 nescii,
789 2741 792 2744 -

268 2795 423 2859 infelices
436 2797 625 2878 presbyteri,

275 2891 466 2958 Scortatores
478 2895 673 2974 nequissimi,

280 2991 507 3072 Mendacesque
521 2994 660 3071 diaconi,

280 3085 319 3150 Et
327 3106 450 3152 nonnae
463 3093 678 3153 meretriculae

282 3183 360 3248 Cum
374 3188 535 3250 clericellis
548 3191 685 3270 parvulis

279 3285 319 3348 El
333 3287 492 3348 monachis
506 3292 553 3348 sat
566 3287 698 3366 invidis,

278 3382 523 3447 Murmuralores
536 3385 652 3448 turbidi

280 3480 400 3544 lnstanl
412 3483 477 3543 dies
488 3486 581 3560 atque
590 3487 715 3560 noctes,

276 3576 303 3639 A
318 3579 454 3642 Paschae
468 3597 561 3641 cursu
575 3571 689 3642 celebri
768 3644 772 3648 .

280 3675 389 3750 Quoad
403 3684 540 3740 vestrum
552 3677 669 3740 Pascha
681 3681 781 3760 redit,

280 3769 407 3851 Semper
422 3779 545 3836 orentes
558 3773 726 3836 Dominum

278 3867 354 3931 (lum
372 3873 534 3934 missarum
547 3874 702 3935 solemniis

274 3967 333 4030 Pro
348 3970 511 4032 animabus
524 3971 669 4050 perditis,

276 4061 334 4141 Et,
349 4066 538 4128 laboratores
552 4067 647 4146 mali,

279 4163 361 4223 Dant
375 4181 445 4225 suas
460 4163 642 4228 elemosinas
654 4183 657 4186 ·

249 4290 257 4298 ·
281 4261 392 4340 Egenis
408 4268 437 4323 et
452 4263 646 4342 pauperibus.
