<?xml version="1.0" encoding="UTF-8"?>
<!DOCTYPE html PUBLIC "-//W3C//DTD XHTML 1.0 Transitional//EN"
    "http://www.w3.org/TR/xhtml1/DTD/xhtml1-transitional.dtd">
<html xmlns="http://www.w3.org/1999/xhtml" xml:lang="en" lang="en">
 <head>
  <title>
</title>
<meta http-equiv="Content-Type" content="text/html;charset=utf-8" />
  <meta name='ocr-system' content='tesseract 3.04.00' />
  <meta name='ocr-capabilities' content='ocr_page ocr_carea ocr_par ocr_line ocrx_word'/>
</head>
<body>
  <div class='ocr_page' id='page_1' title='image "./posiespopulaire00mrgoog_0233.png"; bbox 0 0 2880 4972; ppageno 0'>
   <div class='ocr_carea' id='block_1_1' title="bbox 309 417 690 480">
    <p class='ocr_par' dir='ltr' id='par_1_1' title="bbox 309 417 690 480">
     <span class='ocr_line' id='line_1_1' title="bbox 309 417 690 480; baseline 0 0"><span class='ocrx_word' id='word_1_1' title='bbox 309 463 312 470; x_wconf 73' lang='lat'><strong>,</strong></span> <span class='ocrx_word' id='word_1_2' title='bbox 506 417 690 480; x_wconf 57' lang='lat'>-2214</span> 
     </span>
    </p>
   </div>
   <div class='ocr_carea' id='block_1_2' title="bbox 43 564 763 940">
    <p class='ocr_par' dir='ltr' id='par_1_2' title="bbox 43 564 763 940">
     <span class='ocr_line' id='line_1_2' title="bbox 43 564 763 646; baseline -0.003 -16"><span class='ocrx_word' id='word_1_3' title='bbox 43 570 111 631; x_wconf 88' lang='lat' dir='ltr'><strong>Non</strong></span> <span class='ocrx_word' id='word_1_4' title='bbox 129 573 179 630; x_wconf 89' lang='lat' dir='ltr'><strong>est</strong></span> <span class='ocrx_word' id='word_1_5' title='bbox 189 568 314 644; x_wconf 92' lang='lat' dir='ltr'><strong>mirum,</strong></span> <span class='ocrx_word' id='word_1_6' title='bbox 328 564 437 644; x_wconf 84' lang='lat' dir='ltr'><strong>fateor,</strong></span> <span class='ocrx_word' id='word_1_7' title='bbox 450 567 533 646; x_wconf 86' lang='lat' dir='ltr'><strong>quia,</strong></span> <span class='ocrx_word' id='word_1_8' title='bbox 553 567 626 628; x_wconf 89' lang='lat' dir='ltr'><strong>dum</strong></span> <span class='ocrx_word' id='word_1_9' title='bbox 639 568 763 644; x_wconf 87' lang='lat' dir='ltr'><strong>vixisti,</strong></span> 
     </span>
     <span class='ocr_line' id='line_1_3' title="bbox 43 663 744 747; baseline -0.004 -18"><span class='ocrx_word' id='word_1_10' title='bbox 43 668 217 747; x_wconf 81' lang='lat' dir='ltr'><strong>quidquam</strong></span> <span class='ocrx_word' id='word_1_11' title='bbox 228 665 300 726; x_wconf 91' lang='lat' dir='ltr'><strong>boni</strong></span> <span class='ocrx_word' id='word_1_12' title='bbox 315 663 416 728; x_wconf 86' lang='lat' dir='ltr'><strong>iacere</strong></span> <span class='ocrx_word' id='word_1_13' title='bbox 427 681 493 726; x_wconf 88' lang='lat' dir='ltr'><strong>non·</strong></span> <span class='ocrx_word' id='word_1_14' title='bbox 501 683 551 727; x_wconf 90' lang='lat' dir='ltr'><strong>mo</strong></span> <span class='ocrx_word' id='word_1_15' title='bbox 564 667 744 744; x_wconf 90' lang='lat' dir='ltr'><strong>permisisti,</strong></span> 
     </span>
     <span class='ocr_line' id='line_1_4' title="bbox 43 761 708 842; baseline -0.003 -16"><span class='ocrx_word' id='word_1_16' title='bbox 43 765 94 826; x_wconf 92' lang='lat' dir='ltr'><strong>sed</strong></span> <span class='ocrx_word' id='word_1_17' title='bbox 108 782 234 842; x_wconf 86' lang='lat' dir='ltr'><strong>semper</strong></span> <span class='ocrx_word' id='word_1_18' title='bbox 244 762 284 824; x_wconf 90' lang='lat' dir='ltr'><strong>ad</strong></span> <span class='ocrx_word' id='word_1_19' title='bbox 295 761 412 824; x_wconf 87' lang='lat' dir='ltr'><strong>scelera</strong></span> <span class='ocrx_word' id='word_1_20' title='bbox 425 763 556 841; x_wconf 89' lang='lat' dir='ltr'><strong>passima</strong></span> <span class='ocrx_word' id='word_1_21' title='bbox 568 765 688 824; x_wconf 76' lang='lat' dir='ltr'><strong>traxisti</strong></span> <span class='ocrx_word' id='word_1_22' title='bbox 701 791 708 839; x_wconf 67' lang='grc' dir='ltr'><strong>ς</strong></span> 
     </span>
     <span class='ocr_line' id='line_1_5' title="bbox 43 859 662 940; baseline -0.002 -17"><span class='ocrx_word' id='word_1_23' title='bbox 43 863 125 924; x_wconf 89' lang='lat' dir='ltr'><strong>unda</strong></span> <span class='ocrx_word' id='word_1_24' title='bbox 138 879 262 940; x_wconf 89' lang='lat' dir='ltr'><strong>semper</strong></span> <span class='ocrx_word' id='word_1_25' title='bbox 272 862 388 922; x_wconf 90' lang='lat' dir='ltr'><strong>erimus</strong></span> <span class='ocrx_word' id='word_1_26' title='bbox 401 861 549 923; x_wconf 84' lang='lat' dir='ltr'><strong>indolere</strong></span> <span class='ocrx_word' id='word_1_27' title='bbox 564 859 662 923; x_wconf 81' lang='lat' dir='ltr'><strong>tristi!</strong></span> 
     </span>
    </p>
   </div>
   <div class='ocr_carea' id='block_1_3' title="bbox 41 972 814 1348">
    <p class='ocr_par' dir='ltr' id='par_1_3' title="bbox 41 972 814 1348">
     <span class='ocr_line' id='line_1_6' title="bbox 42 972 716 1054; baseline -0.004 -17"><span class='ocrx_word' id='word_1_28' title='bbox 42 977 79 1038; x_wconf 92' lang='lat' dir='ltr'><strong>ln</strong></span> <span class='ocrx_word' id='word_1_29' title='bbox 89 977 202 1054; x_wconf 90' lang='lat' dir='ltr'><strong>poenis</strong></span> <span class='ocrx_word' id='word_1_30' title='bbox 215 975 372 1036; x_wconf 78' lang='lat' dir='ltr'><strong>acerrimis</strong></span> <span class='ocrx_word' id='word_1_31' title='bbox 385 991 453 1035; x_wconf 94' lang='lat' dir='ltr'><strong>sum</strong></span> <span class='ocrx_word' id='word_1_32' title='bbox 468 981 499 1036; x_wconf 90' lang='lat' dir='ltr'><strong>et</strong></span> <span class='ocrx_word' id='word_1_33' title='bbox 514 992 634 1054; x_wconf 79' lang='lat' dir='ltr'><strong>semper</strong></span> <span class='ocrx_word' id='word_1_34' title='bbox 644 972 716 1035; x_wconf 80' lang='lat' dir='ltr'><strong>ero!</strong></span> 
     </span>
     <span class='ocr_line' id='line_1_7' title="bbox 41 1071 720 1151; baseline -0.003 -17"><span class='ocrx_word' id='word_1_35' title='bbox 41 1074 148 1135; x_wconf 89' lang='lat' dir='ltr'><strong>nullae</strong></span> <span class='ocrx_word' id='word_1_36' title='bbox 162 1071 287 1149; x_wconf 84' lang='lat' dir='ltr'><strong>liuguae</strong></span> <span class='ocrx_word' id='word_1_37' title='bbox 300 1071 414 1134; x_wconf 84' lang='lat' dir='ltr'><strong>saeculi</strong></span> <span class='ocrx_word' id='word_1_38' title='bbox 425 1072 565 1133; x_wconf 80' lang='lat' dir='ltr'><strong>dicerent</strong></span> <span class='ocrx_word' id='word_1_39' title='bbox 576 1091 632 1151; x_wconf 92' lang='lat' dir='ltr'><strong>pro</strong></span> <span class='ocrx_word' id='word_1_40' title='bbox 645 1091 720 1133; x_wconf 85' lang='lat' dir='ltr'><strong>vero</strong></span> 
     </span>
     <span class='ocr_line' id='line_1_8' title="bbox 42 1170 814 1250; baseline 0.001 -20"><span class='ocrx_word' id='word_1_41' title='bbox 42 1189 139 1233; x_wconf 91' lang='lat' dir='ltr'><strong>uuam</strong></span> <span class='ocrx_word' id='word_1_42' title='bbox 152 1188 286 1249; x_wconf 90' lang='lat' dir='ltr'><strong>poenam</strong></span> <span class='ocrx_word' id='word_1_43' title='bbox 299 1170 459 1232; x_wconf 85' lang='lat' dir='ltr'><strong>minimam</strong></span> <span class='ocrx_word' id='word_1_44' title='bbox 467 1213 477 1247; x_wconf 91' lang='lat'>‚</span> <span class='ocrx_word' id='word_1_45' title='bbox 489 1189 583 1249; x_wconf 89' lang='lat' dir='ltr'><strong>quam</strong></span> <span class='ocrx_word' id='word_1_46' title='bbox 596 1170 705 1232; x_wconf 87' lang='lat' dir='ltr'><strong>inlelix</strong></span> <span class='ocrx_word' id='word_1_47' title='bbox 718 1189 791 1248; x_wconf 91' lang='lat' dir='ltr'><strong>gero</strong></span> <span class='ocrx_word' id='word_1_48' title='bbox 804 1195 814 1250; x_wconf 65' lang='grc' dir='ltr'><strong>ς</strong></span> 
     </span>
     <span class='ocr_line' id='line_1_9' title="bbox 42 1268 754 1348; baseline -0.003 -18"><span class='ocrx_word' id='word_1_49' title='bbox 42 1269 93 1331; x_wconf 90' lang='lat' dir='ltr'><strong>sed</strong></span> <span class='ocrx_word' id='word_1_50' title='bbox 106 1269 193 1348; x_wconf 93' lang='lat' dir='ltr'><strong>quod</strong></span> <span class='ocrx_word' id='word_1_51' title='bbox 212 1269 308 1346; x_wconf 87' lang='lat' dir='ltr'><strong>magis</strong></span> <span class='ocrx_word' id='word_1_52' title='bbox 323 1268 427 1345; x_wconf 90' lang='lat' dir='ltr'><strong>doleo,</strong></span> <span class='ocrx_word' id='word_1_53' title='bbox 441 1269 562 1330; x_wconf 88' lang='lat' dir='ltr'><strong>veniam</strong></span> <span class='ocrx_word' id='word_1_54' title='bbox 579 1287 642 1330; x_wconf 91' lang='lat' dir='ltr'><strong>non</strong></span> <span class='ocrx_word' id='word_1_55' title='bbox 654 1285 754 1348; x_wconf 87' lang='lat' dir='ltr'><strong>spero.</strong></span> 
     </span>
    </p>
   </div>
   <div class='ocr_carea' id='block_1_4' title="bbox 38 1380 797 2162">
    <p class='ocr_par' dir='ltr' id='par_1_4' title="bbox 41 1380 797 1654">
     <span class='ocr_line' id='line_1_10' title="bbox 42 1380 797 1460; baseline -0.001 -18"><span class='ocrx_word' id='word_1_56' title='bbox 42 1381 100 1443; x_wconf 88' lang='lat' dir='ltr'><strong>Ubi</strong></span> <span class='ocrx_word' id='word_1_57' title='bbox 113 1399 202 1442; x_wconf 92' lang='lat' dir='ltr'><strong>nunc</strong></span> <span class='ocrx_word' id='word_1_58' title='bbox 220 1383 292 1442; x_wconf 92' lang='lat' dir='ltr'><strong>sunt</strong></span> <span class='ocrx_word' id='word_1_59' title='bbox 306 1380 432 1459; x_wconf 88' lang='lat' dir='ltr'><strong>praedia</strong></span> <span class='ocrx_word' id='word_1_60' title='bbox 443 1399 522 1460; x_wconf 85' lang='lat' dir='ltr'><strong>quae</strong></span> <span class='ocrx_word' id='word_1_61' title='bbox 536 1387 570 1443; x_wconf 92' lang='lat' dir='ltr'><strong>tu</strong></span> <span class='ocrx_word' id='word_1_62' title='bbox 581 1382 770 1459; x_wconf 81' lang='lat' dir='ltr'><strong>congregasti</strong></span> <span class='ocrx_word' id='word_1_63' title='bbox 779 1381 797 1455; x_wconf 79' lang='lat'><strong>,²</strong></span> 
     </span>
     <span class='ocr_line' id='line_1_11' title="bbox 41 1477 696 1556; baseline 0.002 -19"><span class='ocrx_word' id='word_1_64' title='bbox 41 1479 88 1539; x_wconf 91' lang='lat' dir='ltr'><strong>vel</strong></span> <span class='ocrx_word' id='word_1_65' title='bbox 102 1479 188 1540; x_wconf 86' lang='lat' dir='ltr'><strong>celsa</strong></span> <span class='ocrx_word' id='word_1_66' title='bbox 199 1477 328 1556; x_wconf 87' lang='lat' dir='ltr'><strong>palatia,</strong></span> <span class='ocrx_word' id='word_1_67' title='bbox 344 1483 446 1540; x_wconf 88' lang='lat' dir='ltr'><strong>turres</strong></span> <span class='ocrx_word' id='word_1_68' title='bbox 458 1495 534 1556; x_wconf 86' lang='lat' dir='ltr'><strong>quae</strong></span> <span class='ocrx_word' id='word_1_69' title='bbox 546 1478 696 1554; x_wconf 81' lang='lat' dir='ltr'><strong>fundasti,</strong></span> 
     </span>
     <span class='ocr_line' id='line_1_12' title="bbox 41 1575 752 1654; baseline -0.001 -17"><span class='ocrx_word' id='word_1_70' title='bbox 41 1593 185 1654; x_wconf 89' lang='lat' dir='ltr'><strong>gemmae</strong></span> <span class='ocrx_word' id='word_1_71' title='bbox 198 1593 254 1654; x_wconf 89' lang='lat' dir='ltr'><strong>per</strong></span> <span class='ocrx_word' id='word_1_72' title='bbox 267 1593 343 1653; x_wconf 86' lang='lat' dir='ltr'><strong>quas</strong></span> <span class='ocrx_word' id='word_1_73' title='bbox 357 1575 480 1638; x_wconf 87' lang='lat' dir='ltr'><strong>annulis</strong></span> <span class='ocrx_word' id='word_1_74' title='bbox 494 1576 603 1654; x_wconf 78' lang='lat' dir='ltr'><strong>digitos</strong></span> <span class='ocrx_word' id='word_1_75' title='bbox 616 1576 752 1654; x_wconf 88' lang='lat' dir='ltr'><strong>ornasti,</strong></span> 
     </span>
    </p>

    <p class='ocr_par' dir='ltr' id='par_1_5' title="bbox 40 1673 768 1867">
     <span class='ocr_line' id='line_1_13' title="bbox 41 1673 768 1754; baseline 0.004 -20"><span class='ocrx_word' id='word_1_76' title='bbox 41 1679 70 1736; x_wconf 87' lang='lat' dir='ltr'><strong>ot</strong></span> <span class='ocrx_word' id='word_1_77' title='bbox 83 1691 288 1736; x_wconf 89' lang='lat' dir='ltr'><strong>nummorum</strong></span> <span class='ocrx_word' id='word_1_78' title='bbox 301 1673 389 1753; x_wconf 90' lang='lat' dir='ltr'><strong>copia</strong></span> <span class='ocrx_word' id='word_1_79' title='bbox 402 1692 495 1752; x_wconf 90' lang='lat' dir='ltr'><strong>quam</strong></span> <span class='ocrx_word' id='word_1_80' title='bbox 507 1678 540 1736; x_wconf 89' lang='lat' dir='ltr'><strong>tu</strong></span> <span class='ocrx_word' id='word_1_81' title='bbox 553 1675 620 1754; x_wconf 88' lang='lat' dir='ltr'><strong>plus</strong></span> <span class='ocrx_word' id='word_1_82' title='bbox 633 1674 768 1737; x_wconf 68' lang='lat' dir='ltr'><strong>amasti?</strong></span> 
     </span>
     <span class='ocr_line' id='line_1_14' title="bbox 40 1787 578 1867; baseline -0.004 -17"><span class='ocrx_word' id='word_1_83' title='bbox 40 1788 98 1850; x_wconf 90' lang='lat' dir='ltr'><strong>Ubi</strong></span> <span class='ocrx_word' id='word_1_84' title='bbox 111 1789 305 1850; x_wconf 88' lang='lat' dir='ltr'><strong>lectisternia</strong></span> <span class='ocrx_word' id='word_1_85' title='bbox 318 1787 429 1867; x_wconf 89' lang='lat' dir='ltr'><strong>placidi</strong></span> <span class='ocrx_word' id='word_1_86' title='bbox 442 1789 578 1867; x_wconf 88' lang='lat' dir='ltr'><strong>soporis,</strong></span> 
     </span>
    </p>

    <p class='ocr_par' dir='ltr' id='par_1_6' title="bbox 40 1887 579 1964">
     <span class='ocr_line' id='line_1_15' title="bbox 40 1887 579 1964; baseline -0.002 -15"><span class='ocrx_word' id='word_1_87' title='bbox 40 1893 140 1950; x_wconf 89' lang='lat' dir='ltr'><strong>vestes</strong></span> <span class='ocrx_word' id='word_1_88' title='bbox 154 1887 341 1949; x_wconf 79' lang='lat' dir='ltr'><strong>mutatoriae</strong></span> <span class='ocrx_word' id='word_1_89' title='bbox 355 1887 434 1948; x_wconf 85' lang='lat' dir='ltr'><strong>varii</strong></span> <span class='ocrx_word' id='word_1_90' title='bbox 452 1887 562 1950; x_wconf 88' lang='lat' dir='ltr'><strong>coloris</strong></span> <span class='ocrx_word' id='word_1_91' title='bbox 570 1931 579 1964; x_wconf 93' lang='lat'><strong>,</strong></span> 
     </span>
    </p>

    <p class='ocr_par' dir='ltr' id='par_1_7' title="bbox 39 1985 612 2065">
     <span class='ocr_line' id='line_1_16' title="bbox 39 1985 612 2065; baseline -0.002 -19"><span class='ocrx_word' id='word_1_92' title='bbox 39 1987 157 2064; x_wconf 87' lang='lat' dir='ltr'><strong>species</strong></span> <span class='ocrx_word' id='word_1_93' title='bbox 170 1990 344 2048; x_wconf 90' lang='lat' dir='ltr'><strong>aromatum</strong></span> <span class='ocrx_word' id='word_1_94' title='bbox 356 1985 462 2064; x_wconf 90' lang='lat' dir='ltr'><strong>optimi</strong></span> <span class='ocrx_word' id='word_1_95' title='bbox 479 1987 612 2065; x_wconf 89' lang='lat' dir='ltr'><strong>saporis,</strong></span> 
     </span>
    </p>

    <p class='ocr_par' dir='ltr' id='par_1_8' title="bbox 38 2085 715 2162">
     <span class='ocr_line' id='line_1_17' title="bbox 38 2085 715 2162; baseline 0.003 -18"><span class='ocrx_word' id='word_1_96' title='bbox 38 2103 131 2161; x_wconf 87' lang='lat' dir='ltr'><strong>vasa,</strong></span> <span class='ocrx_word' id='word_1_97' title='bbox 145 2101 271 2160; x_wconf 88' lang='lat' dir='ltr'><strong>mensa,</strong></span> <span class='ocrx_word' id='word_1_98' title='bbox 290 2101 442 2162; x_wconf 82' lang='lat' dir='ltr'><strong>gausapae</strong></span> <span class='ocrx_word' id='word_1_99' title='bbox 455 2085 540 2145; x_wconf 89' lang='lat' dir='ltr'><strong>nivei</strong></span> <span class='ocrx_word' id='word_1_100' title='bbox 550 2085 715 2146; x_wconf 79' lang='lat' dir='ltr'><strong>candoris?</strong></span> 
     </span>
    </p>
   </div>
   <div class='ocr_carea' id='block_1_5' title="bbox 37 2195 839 2571">
    <p class='ocr_par' dir='ltr' id='par_1_9' title="bbox 39 2195 654 2274">
     <span class='ocr_line' id='line_1_18' title="bbox 39 2195 654 2274; baseline -0.002 -14"><span class='ocrx_word' id='word_1_101' title='bbox 39 2198 96 2260; x_wconf 91' lang='lat' dir='ltr'><strong>Ubi</strong></span> <span class='ocrx_word' id='word_1_102' title='bbox 110 2198 205 2260; x_wconf 93' lang='lat' dir='ltr'><strong>modo</strong></span> <span class='ocrx_word' id='word_1_103' title='bbox 218 2198 373 2274; x_wconf 86' lang='lat' dir='ltr'><strong>volucres,</strong></span> <span class='ocrx_word' id='word_1_104' title='bbox 387 2199 438 2260; x_wconf 91' lang='lat' dir='ltr'><strong>val</strong></span> <span class='ocrx_word' id='word_1_105' title='bbox 450 2195 549 2259; x_wconf 87' lang='lat' dir='ltr'><strong>electa</strong></span> <span class='ocrx_word' id='word_1_106' title='bbox 562 2198 654 2274; x_wconf 87' lang='lat' dir='ltr'><strong>vina,</strong></span> 
     </span>
    </p>

    <p class='ocr_par' dir='ltr' id='par_1_10' title="bbox 38 2294 683 2372">
     <span class='ocr_line' id='line_1_19' title="bbox 38 2294 683 2372; baseline 0.002 -17"><span class='ocrx_word' id='word_1_107' title='bbox 38 2297 87 2357; x_wconf 87' lang='lat' dir='ltr'><strong>vel</strong></span> <span class='ocrx_word' id='word_1_108' title='bbox 103 2313 258 2359; x_wconf 89' lang='lat' dir='ltr'><strong>murenae</strong></span> <span class='ocrx_word' id='word_1_109' title='bbox 268 2295 400 2372; x_wconf 87' lang='lat' dir='ltr'><strong>nobiles,</strong></span> <span class='ocrx_word' id='word_1_110' title='bbox 414 2296 465 2357; x_wconf 80' lang='lat' dir='ltr'><strong>rel</strong></span> <span class='ocrx_word' id='word_1_111' title='bbox 477 2313 549 2356; x_wconf 89' lang='lat' dir='ltr'><strong>caro</strong></span> <span class='ocrx_word' id='word_1_112' title='bbox 562 2294 683 2357; x_wconf 84' lang='lat' dir='ltr'><strong>ferina?</strong></span> 
     </span>
    </p>

    <p class='ocr_par' dir='ltr' id='par_1_11' title="bbox 37 2394 754 2476">
     <span class='ocr_line' id='line_1_20' title="bbox 37 2394 754 2476; baseline 0.004 -22"><span class='ocrx_word' id='word_1_113' title='bbox 37 2394 108 2456; x_wconf 88' lang='lat' dir='ltr'><strong>Nou</strong></span> <span class='ocrx_word' id='word_1_114' title='bbox 120 2395 245 2476; x_wconf 74' lang='lat' dir='ltr'><strong>cygnis,</strong></span> <span class='ocrx_word' id='word_1_115' title='bbox 258 2413 321 2456; x_wconf 91' lang='lat' dir='ltr'><strong>nou</strong></span> <span class='ocrx_word' id='word_1_116' title='bbox 334 2395 460 2472; x_wconf 86' lang='lat' dir='ltr'><strong>gruibus</strong></span> <span class='ocrx_word' id='word_1_117' title='bbox 473 2394 591 2456; x_wconf 88' lang='lat' dir='ltr'><strong>redolet</strong></span> <span class='ocrx_word' id='word_1_118' title='bbox 603 2395 737 2474; x_wconf 85' lang='lat' dir='ltr'><strong>coquina</strong></span> <span class='ocrx_word' id='word_1_119' title='bbox 745 2419 754 2476; x_wconf 78' lang='lat'><em>3</em></span> 
     </span>
    </p>

    <p class='ocr_par' dir='ltr' id='par_1_12' title="bbox 39 2492 839 2571">
     <span class='ocr_line' id='line_1_21' title="bbox 39 2492 839 2571; baseline 0.006 -19"><span class='ocrx_word' id='word_1_120' title='bbox 39 2509 70 2552; x_wconf 86' lang='lat' dir='ltr'><strong>es</strong></span> <span class='ocrx_word' id='word_1_121' title='bbox 81 2510 170 2554; x_wconf 89' lang='lat' dir='ltr'><strong>nunc</strong></span> <span class='ocrx_word' id='word_1_122' title='bbox 182 2509 252 2554; x_wconf 88' lang='lat' dir='ltr'><strong>esca</strong></span> <span class='ocrx_word' id='word_1_123' title='bbox 263 2492 437 2569; x_wconf 78' lang='lat' dir='ltr'><strong>vermibus,</strong></span> <span class='ocrx_word' id='word_1_124' title='bbox 448 2493 526 2554; x_wconf 88' lang='lat' dir='ltr'><strong>haec</strong></span> <span class='ocrx_word' id='word_1_125' title='bbox 538 2499 584 2554; x_wconf 88' lang='lat' dir='ltr'><strong>est</strong></span> <span class='ocrx_word' id='word_1_126' title='bbox 598 2494 650 2556; x_wconf 84' lang='lat' dir='ltr'><strong>lex</strong></span> <span class='ocrx_word' id='word_1_127' title='bbox 664 2495 771 2557; x_wconf 84' lang='lat' dir='ltr'><strong>divina</strong></span> <span class='ocrx_word' id='word_1_128' title='bbox 782 2497 839 2571; x_wconf 90' lang='lat'>(1).</span> 
     </span>
    </p>
   </div>
   <div class='ocr_carea' id='block_1_6' title="bbox 35 2607 900 2982">
    <p class='ocr_par' dir='ltr' id='par_1_13' title="bbox 37 2607 680 2688">
     <span class='ocr_line' id='line_1_22' title="bbox 37 2607 680 2688; baseline 0.002 -19"><span class='ocrx_word' id='word_1_129' title='bbox 37 2608 106 2669; x_wconf 90' lang='lat' dir='ltr'><strong>Tua</strong></span> <span class='ocrx_word' id='word_1_130' title='bbox 118 2609 230 2669; x_wconf 89' lang='lat' dir='ltr'><strong>domus</strong></span> <span class='ocrx_word' id='word_1_131' title='bbox 243 2607 375 2687; x_wconf 85' lang='lat' dir='ltr'><strong>qualiter</strong></span> <span class='ocrx_word' id='word_1_132' title='bbox 387 2609 477 2670; x_wconf 91' lang='lat' dir='ltr'><strong>modo</strong></span> <span class='ocrx_word' id='word_1_133' title='bbox 492 2609 680 2688; x_wconf 89' lang='lat' dir='ltr'><strong>tibipiacet‚</strong></span> 
     </span>
    </p>

    <p class='ocr_par' dir='ltr' id='par_1_14' title="bbox 35 2705 900 2982">
     <span class='ocr_line' id='line_1_23' title="bbox 38 2705 767 2787; baseline 0.003 -22"><span class='ocrx_word' id='word_1_134' title='bbox 38 2706 128 2784; x_wconf 86' lang='lat' dir='ltr'><strong>cujus</strong></span> <span class='ocrx_word' id='word_1_135' title='bbox 140 2723 245 2767; x_wconf 91' lang='lat' dir='ltr'><strong>noune</strong></span> <span class='ocrx_word' id='word_1_136' title='bbox 260 2706 419 2768; x_wconf 84' lang='lat' dir='ltr'><strong>summitas</strong></span> <span class='ocrx_word' id='word_1_137' title='bbox 434 2725 525 2786; x_wconf 91' lang='lat' dir='ltr'><strong>super</strong></span> <span class='ocrx_word' id='word_1_138' title='bbox 538 2725 648 2769; x_wconf 89' lang='lat' dir='ltr'><strong>nasum</strong></span> <span class='ocrx_word' id='word_1_139' title='bbox 659 2705 767 2787; x_wconf 76' lang='lat' dir='ltr'><strong>jacet?</strong></span> 
     </span>
     <span class='ocr_line' id='line_1_24' title="bbox 38 2805 900 2894; baseline 0.002 -28"><span class='ocrx_word' id='word_1_140' title='bbox 38 2805 169 2866; x_wconf 91' lang='lat' dir='ltr'><strong>Nullum</strong></span> <span class='ocrx_word' id='word_1_141' title='bbox 183 2805 356 2866; x_wconf 92' lang='lat' dir='ltr'><strong>membrum</strong></span> <span class='ocrx_word' id='word_1_142' title='bbox 370 2811 507 2884; x_wconf 82' lang='lat' dir='ltr'><strong>superest</strong></span> <span class='ocrx_word' id='word_1_143' title='bbox 518 2806 598 2886; x_wconf 91' lang='lat' dir='ltr'><strong>quod</strong></span> <span class='ocrx_word' id='word_1_144' title='bbox 612 2808 677 2884; x_wconf 89' lang='lat' dir='ltr'><strong>jam</strong></span> <span class='ocrx_word' id='word_1_145' title='bbox 689 2806 777 2868; x_wconf 89' lang='lat' dir='ltr'><strong>lucro</strong></span> <span class='ocrx_word' id='word_1_146' title='bbox 793 2811 900 2894; x_wconf 78' lang='lat' dir='ltr'><strong>vacet,</strong></span> 
     </span>
     <span class='ocr_line' id='line_1_25' title="bbox 35 2903 708 2982; baseline 0.004 -20"><span class='ocrx_word' id='word_1_147' title='bbox 35 2903 100 2982; x_wconf 92' lang='lat' dir='ltr'><strong>jam</strong></span> <span class='ocrx_word' id='word_1_148' title='bbox 114 2903 304 2964; x_wconf 88' lang='lat' dir='ltr'><strong>clauduntur</strong></span> <span class='ocrx_word' id='word_1_149' title='bbox 318 2903 412 2979; x_wconf 91' lang='lat' dir='ltr'><strong>oculi,</strong></span> <span class='ocrx_word' id='word_1_150' title='bbox 426 2903 532 2982; x_wconf 90' lang='lat' dir='ltr'><strong>lingua</strong></span> <span class='ocrx_word' id='word_1_151' title='bbox 549 2909 603 2965; x_wconf 89' lang='lat' dir='ltr'><strong>tua</strong></span> <span class='ocrx_word' id='word_1_152' title='bbox 618 2910 708 2965; x_wconf 86' lang='lat' dir='ltr'><strong>tacet.</strong></span> 
     </span>
    </p>
   </div>
   <div class='ocr_carea' id='block_1_7' title="bbox 37 3016 783 3390">
    <p class='ocr_par' dir='ltr' id='par_1_15' title="bbox 37 3016 783 3292">
     <span class='ocr_line' id='line_1_26' title="bbox 38 3016 783 3096; baseline 0.001 -18"><span class='ocrx_word' id='word_1_153' title='bbox 38 3017 198 3096; x_wconf 84' lang='lat' dir='ltr'><strong>Quidquid</strong></span> <span class='ocrx_word' id='word_1_154' title='bbox 214 3016 330 3078; x_wconf 89' lang='lat' dir='ltr'><strong>dudum</strong></span> <span class='ocrx_word' id='word_1_155' title='bbox 347 3017 460 3078; x_wconf 90' lang='lat' dir='ltr'><strong>misero</strong></span> <span class='ocrx_word' id='word_1_156' title='bbox 474 3017 664 3095; x_wconf 86' lang='lat' dir='ltr'><strong>congregasti</strong></span> <span class='ocrx_word' id='word_1_157' title='bbox 676 3035 783 3096; x_wconf 87' lang='lat' dir='ltr'><strong>more,</strong></span> 
     </span>
     <span class='ocr_line' id='line_1_27' title="bbox 38 3113 721 3198; baseline 0.001 -23"><span class='ocrx_word' id='word_1_158' title='bbox 38 3115 122 3190; x_wconf 93' lang='lat' dir='ltr'><strong>dolo,</strong></span> <span class='ocrx_word' id='word_1_159' title='bbox 139 3113 263 3188; x_wconf 81' lang='lat' dir='ltr'><strong>fraude,</strong></span> <span class='ocrx_word' id='word_1_160' title='bbox 278 3113 424 3198; x_wconf 86' lang='lat' dir='ltr'><strong>foenore,¹</strong></span> <span class='ocrx_word' id='word_1_161' title='bbox 435 3119 519 3176; x_wconf 91' lang='lat' dir='ltr'><strong>metu</strong></span> <span class='ocrx_word' id='word_1_162' title='bbox 537 3115 585 3176; x_wconf 89' lang='lat' dir='ltr'><strong>val</strong></span> <span class='ocrx_word' id='word_1_163' title='bbox 598 3116 721 3193; x_wconf 91' lang='lat' dir='ltr'><strong>rigore,</strong></span> 
     </span>
     <span class='ocr_line' id='line_1_28' title="bbox 37 3207 723 3292; baseline 0 -18"><span class='ocrx_word' id='word_1_164' title='bbox 37 3213 175 3292; x_wconf 87' lang='lat' dir='ltr'><strong>longana</strong></span> <span class='ocrx_word' id='word_1_165' title='bbox 189 3230 244 3290; x_wconf 90' lang='lat' dir='ltr'><strong>per</strong></span> <span class='ocrx_word' id='word_1_166' title='bbox 257 3216 395 3291; x_wconf 90' lang='lat' dir='ltr'><strong>tempore</strong></span> <span class='ocrx_word' id='word_1_167' title='bbox 407 3207 477 3274; x_wconf 91' lang='lat' dir='ltr'><strong>cum</strong></span> <span class='ocrx_word' id='word_1_168' title='bbox 492 3231 604 3291; x_wconf 89' lang='lat' dir='ltr'><strong>magno</strong></span> <span class='ocrx_word' id='word_1_169' title='bbox 618 3213 723 3274; x_wconf 87' lang='lat' dir='ltr'><strong>labore</strong></span> 
     </span>
    </p>

    <p class='ocr_par' dir='ltr' id='par_1_16' title="bbox 39 3311 644 3390">
     <span class='ocr_line' id='line_1_29' title="bbox 39 3311 644 3390; baseline -0.008 -16"><span class='ocrx_word' id='word_1_170' title='bbox 39 3333 58 3374; x_wconf 89' lang='lat' dir='ltr'><strong>a</strong></span> <span class='ocrx_word' id='word_1_171' title='bbox 73 3318 104 3373; x_wconf 89' lang='lat' dir='ltr'><strong>te</strong></span> <span class='ocrx_word' id='word_1_172' title='bbox 118 3315 217 3372; x_wconf 91' lang='lat' dir='ltr'><strong>totum</strong></span> <span class='ocrx_word' id='word_1_173' title='bbox 232 3311 335 3390; x_wconf 89' lang='lat' dir='ltr'><strong>rapuit</strong></span> <span class='ocrx_word' id='word_1_174' title='bbox 350 3328 413 3372; x_wconf 90' lang='lat' dir='ltr'><strong>sors</strong></span> <span class='ocrx_word' id='word_1_175' title='bbox 428 3312 520 3373; x_wconf 90' lang='lat' dir='ltr'><strong>unius</strong></span> <span class='ocrx_word' id='word_1_176' title='bbox 537 3311 644 3372; x_wconf 88' lang='lat' dir='ltr'><strong>horae.</strong></span> 
     </span>
    </p>
   </div>
   <div class='ocr_carea' id='block_1_8' title="bbox 36 3423 752 3798">
    <p class='ocr_par' dir='ltr' id='par_1_17' title="bbox 36 3423 752 3798">
     <span class='ocr_line' id='line_1_30' title="bbox 36 3423 752 3500; baseline -0.003 -14"><span class='ocrx_word' id='word_1_177' title='bbox 36 3426 110 3486; x_wconf 85' lang='lat' dir='ltr'><strong>Nou</strong></span> <span class='ocrx_word' id='word_1_178' title='bbox 128 3424 221 3486; x_wconf 93' lang='lat' dir='ltr'><strong>modo</strong></span> <span class='ocrx_word' id='word_1_179' title='bbox 235 3424 437 3486; x_wconf 84' lang='lat' dir='ltr'><strong>circumdaris</strong></span> <span class='ocrx_word' id='word_1_180' title='bbox 451 3423 621 3485; x_wconf 89' lang='lat' dir='ltr'><strong>amicorum</strong></span> <span class='ocrx_word' id='word_1_181' title='bbox 633 3423 752 3500; x_wconf 84' lang='lat' dir='ltr'><strong>aboris;</strong></span> 
     </span>
     <span class='ocr_line' id='line_1_31' title="bbox 38 3521 724 3603; baseline -0.004 -19"><span class='ocrx_word' id='word_1_182' title='bbox 38 3531 112 3598; x_wconf 81' lang='lat' dir='ltr'><strong>oum</strong></span> <span class='ocrx_word' id='word_1_183' title='bbox 128 3541 185 3603; x_wconf 88' lang='lat' dir='ltr'><strong>per</strong></span> <span class='ocrx_word' id='word_1_184' title='bbox 197 3527 326 3584; x_wconf 88' lang='lat' dir='ltr'><strong>mortem</strong></span> <span class='ocrx_word' id='word_1_185' title='bbox 337 3523 446 3585; x_wconf 87' lang='lat' dir='ltr'><strong>cecidit</strong></span> <span class='ocrx_word' id='word_1_186' title='bbox 459 3521 514 3584; x_wconf 88' lang='lat' dir='ltr'><strong>llos</strong></span> <span class='ocrx_word' id='word_1_187' title='bbox 527 3522 573 3583; x_wconf 88' lang='lat' dir='ltr'><strong>tui</strong></span> <span class='ocrx_word' id='word_1_188' title='bbox 584 3522 702 3583; x_wconf 88' lang='lat' dir='ltr'><strong>decoris</strong></span> <span class='ocrx_word' id='word_1_189' title='bbox 713 3566 724 3600; x_wconf 92' lang='lat'><strong>,</strong></span> 
     </span>
     <span class='ocr_line' id='line_1_32' title="bbox 38 3620 718 3702; baseline -0.001 -20"><span class='ocrx_word' id='word_1_190' title='bbox 38 3629 169 3701; x_wconf 89' lang='lat' dir='ltr'><strong>ruptum</strong></span> <span class='ocrx_word' id='word_1_191' title='bbox 185 3625 231 3682; x_wconf 84' lang='lat' dir='ltr'><strong>est</strong></span> <span class='ocrx_word' id='word_1_192' title='bbox 242 3621 404 3699; x_wconf 83' lang='lat' dir='ltr'><strong>cujuslibet</strong></span> <span class='ocrx_word' id='word_1_193' title='bbox 417 3620 576 3681; x_wconf 89' lang='lat' dir='ltr'><strong>vinculum</strong></span> <span class='ocrx_word' id='word_1_194' title='bbox 588 3621 718 3702; x_wconf 85' lang='lat' dir='ltr'><strong>amoris;</strong></span> 
     </span>
     <span class='ocr_line' id='line_1_33' title="bbox 37 3717 610 3798; baseline -0.003 -17"><span class='ocrx_word' id='word_1_195' title='bbox 37 3725 111 3786; x_wconf 89' lang='lat' dir='ltr'><strong>tuae</strong></span> <span class='ocrx_word' id='word_1_196' title='bbox 128 3720 195 3798; x_wconf 86' lang='lat' dir='ltr'><strong>jam</strong></span> <span class='ocrx_word' id='word_1_197' title='bbox 209 3717 334 3781; x_wconf 86' lang='lat' dir='ltr'><strong>tristitie</strong></span> <span class='ocrx_word' id='word_1_198' title='bbox 351 3717 480 3782; x_wconf 89' lang='lat' dir='ltr'><strong>cessavit</strong></span> <span class='ocrx_word' id='word_1_199' title='bbox 494 3718 610 3780; x_wconf 84' lang='lat' dir='ltr'><strong>uxoris.</strong></span> 
     </span>
    </p>
   </div>
   <div class='ocr_carea' id='block_1_9' title="bbox 35 3830 772 4012">
    <p class='ocr_par' dir='ltr' id='par_1_18' title="bbox 35 3830 772 4012">
     <span class='ocr_line' id='line_1_34' title="bbox 36 3830 673 3912; baseline -0.002 -20"><span class='ocrx_word' id='word_1_200' title='bbox 36 3830 75 3892; x_wconf 88' lang='lat' dir='ltr'><strong>In</strong></span> <span class='ocrx_word' id='word_1_201' title='bbox 86 3833 150 3893; x_wconf 90' lang='lat' dir='ltr'><strong>tuis</strong></span> <span class='ocrx_word' id='word_1_202' title='bbox 165 3833 346 3911; x_wconf 86' lang='lat' dir='ltr'><strong>parentibus</strong></span> <span class='ocrx_word' id='word_1_203' title='bbox 357 3830 466 3893; x_wconf 89' lang='lat' dir='ltr'><strong>amodo</strong></span> <span class='ocrx_word' id='word_1_204' title='bbox 478 3851 540 3894; x_wconf 95' lang='lat' dir='ltr'><strong>non</strong></span> <span class='ocrx_word' id='word_1_205' title='bbox 554 3849 656 3912; x_wconf 87' lang='lat' dir='ltr'><strong>speres</strong></span> <span class='ocrx_word' id='word_1_206' title='bbox 663 3855 673 3911; x_wconf 83' lang='lat'>3</span> 
     </span>
     <span class='ocr_line' id='line_1_35' title="bbox 35 3929 772 4012; baseline 0 -22"><span class='ocrx_word' id='word_1_207' title='bbox 35 3936 173 3993; x_wconf 86' lang='lat' dir='ltr'><strong>mortem</strong></span> <span class='ocrx_word' id='word_1_208' title='bbox 188 3937 274 3992; x_wconf 90' lang='lat' dir='ltr'><strong>tuam</strong></span> <span class='ocrx_word' id='word_1_209' title='bbox 286 3931 419 3994; x_wconf 89' lang='lat' dir='ltr'><strong>breviter</strong></span> <span class='ocrx_word' id='word_1_210' title='bbox 430 3930 546 4012; x_wconf 87' lang='lat' dir='ltr'><strong>plangit</strong></span> <span class='ocrx_word' id='word_1_211' title='bbox 562 3935 633 3991; x_wconf 89' lang='lat' dir='ltr'><strong>tuus</strong></span> <span class='ocrx_word' id='word_1_212' title='bbox 643 3929 772 4008; x_wconf 88' lang='lat' dir='ltr'><strong>haeres,</strong></span> 
     </span>
    </p>
   </div>
   <div class='ocr_carea' id='block_1_10' title="bbox 56 4155 768 4292">
    <p class='ocr_par' dir='ltr' id='par_1_19' title="bbox 56 4155 768 4292">
     <span class='ocr_line' id='line_1_36' title="bbox 56 4155 544 4228; baseline -0.008 -16"><span class='ocrx_word' id='word_1_213' title='bbox 56 4155 58 4164; x_wconf 78' lang='lat'>&#39;</span> <span class='ocrx_word' id='word_1_214' title='bbox 70 4159 110 4228; x_wconf 81' lang='lat' dir='ltr'><strong>(l)</strong></span> <span class='ocrx_word' id='word_1_215' title='bbox 124 4157 264 4224; x_wconf 69' lang='lat' dir='ltr'><strong>Hyadum</strong></span> <span class='ocrx_word' id='word_1_216' title='bbox 276 4159 299 4210; x_wconf 87' lang='lat' dir='ltr'><strong>le</strong></span> <span class='ocrx_word' id='word_1_217' title='bbox 310 4176 355 4212; x_wconf 82' lang='lat' dir='ltr'><strong>ms.</strong></span> <span class='ocrx_word' id='word_1_218' title='bbox 366 4160 395 4209; x_wconf 92' lang='lat' dir='ltr'><strong>de</strong></span> <span class='ocrx_word' id='word_1_219' title='bbox 406 4158 544 4210; x_wconf 86' lang='lat' dir='ltr'><strong>Bmxellas:</strong></span> 
     </span>
     <span class='ocr_line' id='line_1_37' title="bbox 351 4232 768 4292; baseline 0.005 -12"><span class='ocrx_word' id='word_1_220' title='bbox 351 4234 410 4280; x_wconf 77' lang='lat' dir='ltr'><strong>Talis</strong></span> <span class='ocrx_word' id='word_1_221' title='bbox 422 4233 682 4292; x_wconf 83' lang='lat' dir='ltr'><strong>peccatoribusimmiuet</strong></span> <span class='ocrx_word' id='word_1_222' title='bbox 695 4232 768 4282; x_wconf 78' lang='lat' dir='ltr'><strong>ruina·</strong></span> 
     </span>
    </p>
   </div>
   <div class='ocr_carea' id='block_1_11' title="bbox 0 0 1444 4972">
    <p class='ocr_par' dir='ltr' id='par_1_20' title="bbox 0 0 1444 4972">
     <span class='ocr_line' id='line_1_38' title="bbox 0 0 1444 4972; baseline 0 2"><span class='ocrx_word' id='word_1_223' title='bbox 0 0 1444 4972; x_wconf 95' lang='lat' dir='ltr'><strong> </strong></span> 
     </span>
    </p>
   </div>
  </div>
 </body>
</html>
