2904 4972
520 421 562 440 -—
583 397 639 458 381
662 428 709 466 -,

488 555 571 634 ovib.

52 713 132 792 Ast,
148 716 212 794 ait,
229 717 262 778 tn
277 716 403 798 reliquis
414 737 471 781 our
483 722 568 800 parui
581 721 690 786 debent
702 721 763 786 iuis

95 831 212 892 causa,
226 816 307 894 qnod
320 821 376 878 aut
389 817 506 878 homini
520 824 593 883 sunt
605 819 692 882 eibus
705 825 760 882 aut
773 821 898 900 pecori?

51 909 116 972 Sed
130 919 178 986 tu,
194 931 265 974 eum
277 913 502 978 nullum‘tsttns
513 917 665 996 prodeest
677 919 717 980 ad
729 935 831 995 usum,

95 1007 122 1068 si
134 1010 254 1090 sapias,
267 1011 380 1091 gaudes
393 1014 427 1089 (Ι.
439 1015 549 1095 gaude)
563 1016 645 1095 qued
662 1017 762 1084 vebad
775 1019 833 1083 ista
840 1018 954 1099 piaess.

469 1143 581 1206 Linon.

50 1271 97 1333 Te
112 1271 234 1352 peeoris
247 1270 329 1335 bruti
343 1278 461 1354 partem
472 1275 544 1340 satis
555 1295 622 1340 osse
635 1280 772 1358 probasti
778 1305 789 1362 ;

92 1369 156 1431 hoe
168 1374 272 1432 tamen
282 1371 404 1434 interea
421 1372 535 1437 vellere
546 1393 597 1437 me
611 1375 732 1456 releva,

50 1465 126 1542 Quo
138 1467 296 1548 spolianda
307 1470 382 1532 velis
395 1471 472 1532 notis
486 1477 554 1552 post
567 1491 664 1552 pnnoa
679 1475 794 1554 jacebis

93 1567 239 1646 turpiter,
253 1572 325 1630 ante
339 1575 412 1632 tuae
425 1571 528 1632 vineta
543 1573 633 1650 pedes
643 1573 798 1637 dominae.

50 1659 182 1726 Interea
194 1668 271 1726 totas
286 1683 471 1744 percurrens
482 1666 597 1748 tureipe
610 1669 699 1732 lanas

90 1777 153 1824 nee
167 1763 288 1824 caudae
295 1763 393 1826 vellus
405 1763 495 1826 foeda
518 1766 675 1845 relinquet
688 1785 783 1848 οπως

48 1857 142 1922 Tune
154 1860 214 1920 erit
227 1861 259 1920 in
274 1861 379 1940 patulo
387 1863 511 1935 „wabies
522 1868 736 1946 tua,oorpore
749 1865 869 1946 nud05.
949 1940 986 1948 ,-
1030 1898 1054 1950 ·,
1151 1947 1155 1956 ι

92 1957 225 2020 υΙὶοιίιιε
236 1957 301 2020 noli
314 1958 521 2039 multiplioere
535 1959 632 2039 loqui.

480 2089 564 2155 Oves.

49 2221 83 2285 Si
97 2228 185 2286 reete
196 2240 335 2304 saperes,
350 2223 490 2291 wnsumi
505 2227 612 2303 sponte
623 2239 763 2302 rogares,

89 2323 142 2386 vel
157 2324 250 2404 peda,
267 2324 315 2386 vel
327 2324 427 2404 potius
445 2323 573 2385 subruta
587 2321 795 2404 stercoribus3

48 2421 142 2486 Vivis
152 2425 189 2482 ut
202 2423 336 2484 intereas
349 2427 381 2484 et
395 2439 437 2484 ne
449 2421 491 2484 sis
504 2439 569 2482 esse
582 2419 721 2499 labores;

89 2524 214 2582 tantum
228 2519 377 2600 supplicio
389 2511 530 2582 nasceris
543 2523 636 2601 etque
650 2515 750 2580 malo!

47 2615 129 2694 Quis
144 2621 238 2696 queat
248 2619 282 2680 in
295 2621 427 2696 quantas
441 2617 571 2696 rapieris
587 2617 689 2678 dicere
702 2634 834 2698 poenas,

88 2715 231 2778 femineis
244 2716 387 2778 manibus
398 2715 485 2779 vulsa
497 2713 560 2778 solo
575 2715 719 2796 penitus?
769 2715 773 2724 '

46 2815 182 2878 Prorsus
196 2819 232 2876 ut
242 2814 395 2892 intereas,
407 2813 560 2892 undisque
574 2811 673 2874 soluta
684 2816 859 2892 putrescas,
892 2805 895 2814 ’

90 2912 199 2990 nigros·
211 2914 323 2973 tronea
337 2898 421 2990 prius
437 2909 609 2989 perpetiere
622 2909 723 2988 laeus;

46 3011 122 3074 Post
134 3009 259 3088 longum
274 3015 395 3089 tempus
407 3008 445 3070 ab
458 3026 541 3088 aqua
553 3007 698 3070 transibis
712 3007 751 3070 ad
767 3013 891 3090 aestus,

88 3113 127 3171 ut
140 3108 234 3188 possis
244 3108 345 3170 minui
358 3097 439 3170 sicca
453 3105 560 3178 labore
572 3105 643 3166 levi.
918 3113 921 3120 '
961 3117 963 3124 ’

44 3206 211 3270 Rurieolas
226 3205 348 3284 varios,
364 3205 458 3271 tortos
470 3209 600 3268 ¹contusa
615 3201 765 3282 lacertos,

86 3303 349 3385 prorsuslassabis
360 3305 493 3384 tritaque
504 3301 662 3364 malleolis.

45 3399 127 3464 Cum
138 3401 203 3481 jam
217 3402 386 3482 perdideris
400 3401 481 3482 quod
492 3399 627 3462 habebas
643 3405 717 3461 ante
730 3399 864 3480 vigoris,

87 3500 148 3562 ibis
159 3500 291 3564 femineo
302 3487 404 3562 dedita
416 3498 565 3579 ludibri05
951 3501 953 3506 ’

44 3601 84 3662 ln
99 3599 184 3678 ligno
199 3603 343 3675 tensum,
359 3597 440 3676 quod
453 3597 545 3658 talem
559 3593 654 3656 servit
666 3591 699 3655 in
714 3613 823 3674 usum,

86 3698 126 3759 do
141 3696 224 3776 ligno
238 3695 326 3758 iactis
345 3700 375 3757 to
387 3695 500 3756 ferient
509 3693 627 3772 gladiis.

44 3793 90 3859 ΟΞ
110 3794 230 3874 quoties
251 3798 398 3856 structam
407 3791 518 3871 jaculis
537 3809 574 3852 ex
588 3787 672 3850 mill'e
684 3806 831 3854 eoronam

87 3890 247 3956 transibis!
265 3890 393 3968 Quoties
405 3889 629 3970 praetereundo
642 3885 760 3968 gemes!

43 3993 105 4058 Per
118 3999 183 4056 tem
197 3991 350 4056 terribiles
358 3990 548 4070 sapienetm
563 3988 682 4050 viscora
695 3987 802 4049 dentes
810 4009 821 4068 5
849 4071 852 4078 Ι
969 4071 973 4080 ’

87 4097 120 4156 te
133 4092 271 4156 violente
283 4108 394 4154 nanus
410 4087 495 4153 mille
510 4083 611 4150 trahet
625 4085 753 4153 vicibus.
