2876 4970
721 453 762 470 -
784 425 842 486 tat
864 455 903 470 ·-

295 539 381 606 Sicut
393 537 535 618 princeps
544 535 636 616 hujus
649 535 742 612 mali,
755 535 794 600 da
808 541 900 619 cujus
913 539 1068 599 vomatur
1077 539 1177 616 perta.

295 637 375 698 Nam
387 637 540 711 Donatus,
557 649 629 695 cum
642 633 764 696 volebat
778 635 915 696 Africam
926 639 1024 695 totam
1036 633 1195 708 obtinere,

238 797 239 800 ,
298 735 385 796 Tunc
393 735 513 813 Judioee
523 732 747 794 transmarinos
760 733 848 812 petiit
861 733 902 794 ab
913 732 1104 810 Imperatore
1117 755 1126 792 ι
1156 756 1158 758 ·

296 831 355 892 Sed
368 831 446 893 haec
458 836 523 892 tam
535 829 653 909 injusta
669 829 776 909 petitio
787 847 850 894 non
868 833 937 892 erat
952 831 991 891 de
1002 829 1144 892 caritate.

297 929 365 991 Hoc
380 931 446 1008 ipsa
456 929 571 990 veritas
581 929 715 1000 clamat,
734 945 827 1007 quam
840 927 931 992 modo
943 929 1012 991 volo
1024 927 1154 989 reterre

297 1029 378 1090 Nam
389 1027 544 1089 consensit
556 1025 730 1105 Imperator
743 1047 753 1107 3
768 1028 853 1090 misit
863 1029 917 1106 qui
929 1027 1073 1090 sederent
1084 1025 1203 1086 Romae
1216 1027 1261 1100 (t)
1292 1093 1295 1098 ,

299 1124 496 1198 Sacerdotes,
511 1126 564 1204 qui
578 1128 653 1187 tunc
663 1130 786 1204 possent
800 1125 1009 1190 Caecilianum
1023 1143 1094 1188 cum
1107 1125 1160 1186 ilio
1178 1123 1302 1186 audire.

299 1223 390 1284 Dicta
401 1240 509 1284 caussa
521 1227 585 1298 est,
598 1223 644 1284 nil
657 1223 818 1302 probatum
830 1228 876 1286 est
889 1248 898 1284 a
910 1241 1003 1286 ausus
1018 1229 1065 1284 est
1078 1227 1108 1284 et
1118 1221 1290 1301 appellare5
1416 1287 1417 1304 χ

298 1321 338 1383 Et
349 1326 415 1400 post
427 1321 614 1399 collegarum
626 1322 729 1384 sedem
744 1323 851 1383 audire
866 1322 905 1382 ab
920 1322 1124 1400 Imperatore.

298 1417 360 1480 Hic
370 1417 477 1496 petitio
493 1419 544 1478 illa
559 1417 705 1498 probatur
715 1437 779 1479 non
793 1429 858 1480 esse
869 1418 907 1480 de
922 1419 1062 1480 caritate.

299 1514 419 1576 Deinde
433 1515 546 1595 ubique
568 1515 667 1577 victus
681 1517 780 1596 coepit
794 1513 983 1578 Christianos
994 1515 1196 1596 rebaptizare.

302 1643 418 1710 Omnes
432 1647 486 1725 qui
497 1647 637 1725 gaudetis
649 1647 688 1708 de
702 1665 798 1726 pace,
820 1649 910 1712 modo
924 1667 1033 1712 verum
1049 1650 1199 1733 judicate.
1254 1728 1256 1738 Ι

262 1775 417 1838 laetitiam
428 1777 515 1856 sequi
526 1777 552 1837 st
563 1775 676 1852 vultis,
694 1781 790 1839 totam
803 1791 943 1859 caussam
958 1778 1099 1858 cogitate.

302 1871 392 1948 Quod
405 1874 477 1949 (itte)
490 1873 697 1952 postuasset,
714 1889 812 1953 quare
822 1873 936 1938 facum
947 1878 1011 1936 nou
1023 1875 1070 1936 set
1081 1874 1181 1936 antei

302 1970 836 2035 Dissentiebuntsacerdotesintotu
848 1971 1108 2052 Atticmrapartn3

302 2067 483 2131 Sacerdotes
493 2071 693 2132 transmarini
705 2074 827 2148 poseant
837 2069 1084 2150 iudcjudioarea

302 2165 385 2241 Quid
405 2170 480 2248 (vos)
502 2168 626 2230 curritis
638 2169 677 2229 ad
688 2163 820 2229 schisma
834 2168 974 2230 etaltera
988 2169 1098 2228 conae
1113 2165 1233 2238 altere?
1416 2223 1417 2248 χ

270 2265 271 2268 ’
302 2264 343 2327 Ut
353 2266 433 2343 qnod
447 2270 553 2344 postca
563 2263 734 2344 judicatam
747 2270 793 2328 ost
803 2268 868 2347 jarn
878 2280 942 2328 nen
952 2265 1222 2346 pessundedere,

300 2359 342 2422 Et
356 2379 374 2421 a
384 2361 540 2440 judicibus
551 2363 658 2444 restris
671 2364 857 2440 cogeremini
868 2364 1040 2442 appetiere,

300 2457 383 2518 Dum
397 2459 491 2520 vultis
500 2460 616 2520 erroris
625 2478 754 2538 regnum
766 2478 889 2542 quoquo
904 2461 994 2522 modo
1008 2458 1205 2522 confirmare.

200 2581 203 2590 ¹
298 2551 391 2613 Nunc
405 2557 436 2614 et
450 2571 500 2614 vos
513 2557 611 2613 totum
624 2554 745 2614 nescitis
757 2560 787 2615 et
799 2554 912 2632 fingitis
924 2571 977 2614 vos
989 2555 1125 2629 nescire,

297 2647 423 2710 Etcum
436 2665 488 2710 vos
501 2649 614 2710 veritas
627 2655 735 2728 urget,
750 2655 852 2729 patres
865 2647 964 2712 dicitis
976 2665 1096 2712 errasse
1109 2695 1119 2726 ,

299 2744 396 2819 Quasi
409 2761 461 2808 vos
471 2747 581 2826 aliquis
596 2751 677 2808 vetet
689 2747 755 2827 jam
766 2747 911 2809 recedere
923 2747 961 2808 ab
973 2762 1091 2808 errore.

299 2840 360 2903 Sed
376 2839 518 2923 superbia
530 2861 582 2906 vos
595 2844 697 2922 ligavit
710 2845 743 2904 in
756 2841 903 2906 cathedra
916 2843 1118 2923 pestilentiae.

299 2970 415 3034 Omnes
429 2974 485 3050 qui
496 2975 634 3052 gaudetis
645 2977 682 3040 dc
696 2993 789 3056 pace,
803 2975 895 3036 modo
906 2993 1014 3038 verum
1025 2955 1172 3054 judicate.

257 3101 426 3166 Karttatem
437 3101 548 3168 Christi
560 3108 727 3186 anthabet,
740 3126 848 3187 pacem
860 3126 925 3168 nun
938 3113 1038 3188 potest
1048 3109 1158 3172 oense.

300 3201 359 3264 Vel
372 3223 425 3266 vos
434 3205 510 3284 jam,
524 3205 640 3286 popuii,
656 3207 777 3283 audite,
793 3212 826 3268 ot
836 3206 995 3268 nobiscum
1008 3208 1207 3281 concordate,

297 3298 359 3374 Qui
371 3319 435 3362 non
446 3304 556 3386 tenetis
570 3305 749 3366 cathedram
762 3321 818 3383 pro
829 3321 892 3382 qua
902 3305 1044 3383 pugnetis
1058 3305 1181 3384 injuste.

297 3399 331 3461 si
346 3403 436 3462 modo
451 3401 593 3481 Episcopi
608 3405 705 3464 vestri
717 3421 757 3464 ox
770 3403 878 3483 atique
887 3405 1012 3482 regione

297 3496 459 3560 Haberent
469 3501 550 3561 inter
561 3517 594 3562 se
605 3501 707 3572 ditem,
723 3519 799 3580 quos
812 3501 930 3563 vettetis
938 3503 1099 3582 judicare,

297 3594 365 3656 Nisi
378 3595 547 3657 alterarum
558 3597 717 3673 regionum
733 3596 864 3676 quinon
877 3598 1027 3660 ossantda
1038 3599 1105 3678 ipsa
1113 3597 1187 3675 aare

296 3692 357 3753 Sed
368 3708 440 3754 cum
455 3693 666 3755 discussissent
681 3711 839 3770 caussam,
855 3697 1092 3776 pronuntiarent
1106 3712 1162 3776 pro
1179 3713 1244 3760 una
1253 3698 1350 3775 pano,

297 3787 466 3867 Nunquam
478 3790 748 3854 communicaretis
758 3791 812 3870 qui
822 3791 881 3856 illis
892 3792 1010 3854 nollent
1022 3793 1212 3878 consentium

297 3881 403 3958 Quare
417 3905 489 3964 ergo
502 3889 697 3948 consensistis
709 3889 774 3950 istis
783 3891 837 3967 qui
853 3891 912 3952 hoc
924 3890 1065 3952 iecerunt
1077 3889 1177 3953 ante?

295 3981 377 4042 Nam
390 3987 420 4042 et
434 3983 492 4063 ipsi
504 4000 566 4045 non
579 3992 802 4048 consenserunt
814 3987 1093 4052 transmarinorum
1105 3987 1276 4053 sententiaa

280 4137 324 4206 ’(1)
337 4139 371 4192 Ge
381 4141 519 4195 sanctisunt
530 4141 577 4196 lieu
586 4142 608 4196 ic
619 4145 635 4196 Ξ
645 4145 804 4198 crassata
