2880 4972
711 453 753 466 -
775 425 893 489 221⁸-

254 533 399 614 quidquid
413 550 484 594 caro
500 530 738 621 {rapuerimus
750 541 908 615 operatur.

252 663 361 725 Peccat
373 670 476 726 tamen
489 665 613 744 gravius
621 710 632 742 ,
645 667 732 742 dico,
749 667 947 744 mihicrede,

253 763 355 823 carnis
366 781 495 843 sequens
509 764 632 826 libitum
643 764 760 843 fragilis
773 770 804 827 ct
817 765 943 846 foedae,

253 858 366 919 rodunt
379 877 446 920 mea
456 858 554 921 latera
568 877 687 922 vermes
701 861 733 921 in
748 861 806 922 hac
821 862 915 924 aede:

251 957 315 1034 jam
327 957 401 1034 quid
412 957 521 1036 loquar
533 956 686 1036 amplius?
699 957 828 1037 Anima,
841 959 963 1051 recede.

253 1070 362 1131 Adhuc
377 1070 456 1130 dixit
468 1070 600 1131 Anima:
614 1070 731 1132 Tecum
742 1073 812 1132 volo
828 1078 928 1154 stare,

254 1169 296 1240 et,
311 1169 365 1224 tua
377 1163 402 1224 si
414 1170 518 1243 potero
530 1165 613 1226 dicta
623 1169 809 1245 retractare3

254 1267 290 1324 ut
302 1262 385 1341 quod
398 1261 475 1322 mihi
487 1263 641 1340 loqueris,
657 1262 788 1343 Corpus,
801 1269 865 1326 tam
875 1284 988 1352 *amara
996 1309 1004 1343 ‚

255 1359 363 1422 volens
376 1358 452 1421 mihi
463 1360 586 1439 penitus
597 1361 722 1440 cuipam
733 1362 902 1441 imputare!

254 1471 372 1534 OCarc
384 1472 574 1534 miserrima!
590 1492 669 1552 qnae
681 1476 788 1538 vivens
800 1475 886 1538 fuisti

253 1571 363 1647 stulta,
375 1587 468 1647 uana,
482 1571 609 1650 fragilis,
622 1587 715 1648 aquo
726 1572 861 1636 didicisti

217 1701 219 1706 ·
252 1669 347 1730 verba
367 1675 429 1742 tam
446 1671 596 1730 acerrima
609 1669 762 1758 quaejam
779 1673 955 1750 protulisti)

253 1766 399 1828 Attamen
411 1768 443 1828 in
456 1767 593 1847 pluribus
606 1769 689 1827 recte
703 1770 895 1848 respondisti.

253 1882 333 1944 lund
347 1903 412 1945 esse
430 1901 599 1946 consonum
610 1882 673 1944 scio
685 1885 829 1965 veritati,

252 1982 398 2044 restitisse
410 1982 502 2044 debui
522 1980 773 2062 tuaevoluntati;

175 2077 177 2081 ’
251 2079 304 2139 sed
319 2078 527 2156 tuafragilitas
535 2125 545 2157 ,
558 2098 656 2159 prona
667 2080 838 2159 voluptati,

253 2176 342 2252 nugis
358 2175 466 2235 mnndi
479 2176 580 2237 dedita
588 2219 599 2252 ,
613 2176 715 2238 noluit
729 2175 805 2238 haec
819 2180 894 2257 pati.

142 2287 145 2296 '
252 2288 383 2362 Quando
397 2294 427 2350 te
441 2290 600 2352 volueram
608 2335 618 2368 ,
632 2289 724 2368 Caro,
739 2293 890 2370 castigare

251 2387 391 2463 verbere,
405 2387 527 2466 vigiliis,
542 2389 590 2448 vel
609 2388 688 2450 tame
701 2389 846 2465 domare,

252 2503 327 2545 mox
341 2489 371 2546 te
386 2486 494 2545 mundi
508 2486 627 2547 vanitas
641 2488 740 2566 coepit
751 2488 904 2552 effrenata

251 2587 283 2644 et
294 2582 376 2643 iliius
387 2582 503 2645 frivolis
516 2586 614 2661 coegit
627 2601 750 2647 vacare.

249 2697 289 2757 Et
300 2697 344 2757 ita
355 2697 526 2758 dominium
539 2698 576 2759 de
593 2716 643 2760 me
662 2699 841 2778 suscepisti,

252 2814 289 2859 ac
306 2796 458 2876 proditrix
473 2797 640 2858 domestica
651 2797 694 2858 sic
709 2799 785 2860 mihi
800 2798 904 2875 inisti,

250 2913 306 2975 per
319 2895 426 2955 mundi
440 2894 604 2956 blanditias
616 2913 665 2958 me
675 2900 742 2973 post
759 2901 789 2958 te
806 2897 929 2960 traxisti

250 2997 282 3054 et
294 2994 410 3072 peccati
425 2998 516 3071 puteo
529 2993 659 3055 dulciter
674 2996 816 3058 mersisti.

250 3109 320 3172 Scio
334 3128 384 3172 me
398 3109 598 3189 culpabilem,
615 3128 687 3171 nam
701 3113 735 3171 in
749 3111 807 3171 hoo
820 3109 941 3187 erravi,

249 3210 342 3288 quod,
355 3226 425 3268 cum
440 3226 537 3269 essem
550 3209 690 3284 domina,
705 3213 735 3270 te
746 3226 809 3268 non
823 3205 999 3285 refrenavi5

250 3308 315 3382 sed,
329 3325 399 3368 cum
414 3323 462 3367 me
475 3307 630 3384 deceperis
643 3305 751 3368 fraude
765 3309 828 3366 tam
843 3304 953 3377 suavi,

250 3405 342 3466 credo
354 3403 437 3482 quod
449 3403 620 3481 deliqueras
635 3421 734 3482 poena
745 3404 842 3480 magis
858 3401 959 3480 mavi.

250 3517 283 3582 Si
294 3517 402 3578 mundi
416 3516 540 3578 delicias
551 3562 560 3594 ,
572 3516 656 3578 dolos
668 3515 877 3578 machinantis

248 3615 449 3694 despexisscs,
464 3613 560 3688 fatua,
576 3615 662 3675 sicet
676 3613 861 3675 incantantis

249 3713 416 3775 Daemonis
428 3712 573 3788 astuties,
588 3717 618 3773 et
634 3709 831 3772 Altitonantis

252 3809 441 3871 adhaesisses
452 3809 597 3886 monitis,
611 3825 744 3869 essemus
761 3825 832 3868 cum
846 3805 976 3868 Sanctis.

253 3939 314 4002 Sed
325 3957 395 4000 cum
409 3937 465 3998 tibi
477 3937 576 4018 pridie
588 3938 697 4000 mundi
713 3935 798 3998 fraus
810 3935 931 4015 arrisit,

253 4044 285 4102 et
298 4037 395 4099 vitam
406 4037 586 4098 diuturnam
598 4036 728 4098 firmiter
740 4035 899 4115 premisit,

254 4136 333 4199 mori
348 4154 411 4200 non
424 4141 605 4216 putaveram,
625 4135 678 4199 scd
689 4153 770 4198 mors
790 4133 849 4196 hoc
863 4133 942 4204 elisit
1020 4189 1022 4196 .
