2880 4972
721 455 761 468 -
785 423 847 489 ris,
863 458 904 472 —

467 531 507 594 Et
520 532 664 596 lectiones
678 535 794 598 audiat.

464 630 525 692 Sed
537 637 574 694 ,te
585 637 691 695 monet
703 652 784 714 quae
797 633 901 714 (quam
913 637 940 714 i)
952 636 1056 698 nescio

462 727 659 791 Consuetudo
675 731 832 811 improba,

456 825 497 888 Ut
508 831 669 906 postquam
681 831 813 892 tinnitus
824 835 893 893 tuas

461 923 649 988 Percusserit
663 928 835 1006 auriculas,

461 1021 572 1085 Statim
583 1023 663 1087 lecto
675 1026 798 1102 exilias,

461 1121 502 1183 Et
513 1123 631 1200 primus
645 1124 679 1184 in
692 1124 819 1185 ecelesia
827 1168 837 1202 ,

462 1218 496 1280 Si
513 1223 615 1299 potes,
629 1220 707 1281 citus
719 1221 810 1282 abeas
819 1245 828 1299 ;

460 1316 558 1393 Nam,
572 1317 645 1378 dum
657 1322 743 1398 potes
756 1320 914 1397 quiescere

455 1412 495 1474 Et
510 1413 649 1475 membra
659 1434 766 1478 somno
780 1417 903 1479 tradere

461 1510 505 1572 Ac
516 1511 647 1574 dulciter
656 1515 813 1593 quiescere
824 1559 832 1592 ,

454 1607 496 1669 Ut
507 1611 629 1689 stultus,
642 1613 819 1674 monasterii

459 1704 581 1768 Primus
593 1709 671 1786 petis
685 1710 856 1772 introitum.

453 1801 534 1864 Dum
551 1800 586 1866 V
586 1805 673 1868 entre
685 1807 890 1885 protrahitur,

458 1899 595 1974 Quartus
608 1907 640 1964 et
652 1905 867 1983 nonagesimus
877 1909 939 1984 (t),

459 1998 521 2073 Qui
531 2018 652 2062 morosa
666 2001 740 2063 dum
752 2003 891 2080 canitur,

374 2167 380 2172 .
458 2097 546 2159 Tunc
559 2098 632 2160 satis
645 2106 730 2180 potes
745 2119 871 2179 surgere

456 2195 498 2258 Ut
510 2215 655 2260 occurras
668 2200 701 2259 in
714 2199 834 2260 ordine.
843 2233 885 2246 -—

455 2292 534 2355 -0
553 2298 717 2373 castigator
731 2293 887 2374 improbe!

453 2390 590 2470 Imperet
604 2395 659 2456 tibi
677 2395 827 2454 Dominus

453 2487 613 2567 Nusquam
633 2496 664 2553 tn
676 2491 755 2552 hene
766 2488 880 2550 habeas
891 2533 901 2566 ,

455 2580 515 2644 Sed
528 2603 648 2665 semper
663 2587 752 2648 bonis
767 2603 889 2663 careas,

455 2677 517 2754 Qui
531 2683 639 2744 suades
652 2689 687 2746 ut
701 2685 856 2746 dormiens

454 2780 569 2845 Contra
577 2785 721 2864 'regulam
736 2785 847 2848 faciam

452 2879 540 2952 Quae
548 2881 635 2958 jubet
649 2902 705 2945 nos
717 2901 792 2944 mox
805 2899 942 2960 surgere,

452 2973 493 3036 Ut
504 2977 635 3039 tinnitus
645 2979 785 3056 signierit

451 3074 579 3135 Auritus
592 3075 630 3135 ab
644 3077 791 3139 auriculis
811 3080 867 3150 (t).

458 3169 546 3232 Tunc
564 3177 611 3233 est
626 3191 751 3236 necesse
765 3174 912 3236 iratribus

281 3377 318 3443 (1)
329 3377 348 3427 11
357 3380 466 3430 rundrsit
481 3380 561 3430 mienx
572 3397 633 3446 pour
644 3384 666 3432 lo
676 3399 730 3434 sons
740 3399 786 3450 que
829 3387 844 3427 ⁶
895 3391 909 3430 4
984 3395 994 3433 s
1074 3395 1088 3435 τ
1167 3393 1183 3438 s
1288 3394 1305 3438 ⁵

248 3440 298 3490 l'on
308 3441 423 3505 changett
437 3457 476 3492 oos
491 3445 553 3492 deux
562 3459 616 3495 vers
626 3445 657 3494 de
669 3447 755 3511 place:
816 3439 852 3484 Μ
875 3439 946 3498 hm,
964 3440 1032 3525 ἕξ»,
1050 3443 1117 3489 fldtffl
1134 3450 1228 3500 genum
1247 3450 1355 3496 ferocire

316 3527 376 3572 Dum
386 3528 467 3574 Venite
494 3529 635 3586 rotrshitur,
1250 3507 1354 3607 [καῗαο.

311 3579 635 3732 tetrennia
869 3609 1209 3678 *erasmum
1223 3615 1261 3672 ιι.
1274 3623 1353 3675 ω

333 3699 377 3732 uno
390 3689 443 3733 setis
450 3693 624 3746 potessnrgoro.
846 3673 1353 3752 (Qiprobahlementilfautlirqaudttw

814 3738 950 3801 rigarent,
960 3751 1017 3788 sura
1027 3741 1113 3800 munt,
1124 3741 1158 3788 du
1168 3741 1225 3790 merl
1234 3719 1354 3794 suomi

813 3799 881 3874 cinq,
906 3797 1001 3861 ciochc,
1024 3800 1065 3866 qui
1085 3802 1140 3851 s'est
1163 3807 1279 3856 conservo
1296 3806 1355 3855 dans

814 3865 914 3972 mesinae
922 3929 979 3976 clere
987 3943 1002 3976 a
1011 3930 1087 3978 inulte
1097 3933 1148 3978 rou
1157 3933 1249 3980 stetere

250 3759 310 3811 Mais
319 3762 355 3812 les
365 3763 428 3813 deux
437 3765 577 3814 manuscrits
593 3765 627 3816 les
641 3766 735 3832 placent
754 3769 784 3817 do

248 3823 273 3871 la
284 3829 362 3873 meme
373 3826 492 3888 muniere,
502 3837 526 3876 et
535 3829 582 3876 i'on
596 3828 710 3878 secernit
728 3846 783 3882 sans

248 3899 326 3934 aucun
347 3889 455 3951 scrupula
469 3889 499 3938 de
519 3889 603 3938 l'ordre
624 3891 782 3954 grammatica!

248 3945 291 3994 dos
315 3957 394 4010 moss5
417 3948 485 4010 ainsi,
495 3965 555 4013 pour
574 3953 690 4016 u'sjouter
708 3955 781 4018 qu’un
868 3985 978 4028 mm„
988 3985 1109 4028 mm,
1117 3985 1251 4032 chantem

243 4008 354 4072 example
365 4012 380 4057 t
390 4024 449 4058 ceux
458 4025 506 4074 quo
518 4013 566 4061 l’ou
578 4027 592 4061 ι
603 4029 635 4100 pn
644 4029 782 4080 romnrquer
863 4032 896 4080 ιω
905 4037 994 4082 mmet
1005 4037 1038 4083 ιω
1049 4037 1139 4084 docus.
1150 4023 1285 4086 manerent.

239 4067 300 4118 dans
311 4079 371 4120 cetto
382 4071 464 4136 picco,
480 4071 569 4123 Eruetd
587 4089 626 4126 na
642 4093 685 4141 prs
707 4078 780 4132 caint
811 4097 854 4154 ΑΡ,
867 4097 1009 4156 memes,
1028 4099 1174 4146 amma„
1191 4103 1351 4150 umsm.

241 4128 342 4180 u’tern·
355 4149 363 4183 t
1076 4155 1174 4212 uicta,
1186 4160 1204 4200 t.
1216 4155 1253 4212 u,
1266 4169 1288 4213 p.
1300 4161 1348 4204 389.
