2876 4970
508 457 712 518 -129-.

86 571 160 634 Uno
171 568 285 650 templo
298 568 522 646 miscebantur,
539 569 592 632 sed
607 569 698 631 mixti
708 585 773 630 non
789 574 880 632 erant
895 571 1005 650 eorde3

86 669 291 740 Dicebantin
301 667 368 730 illos
383 671 470 744 tanta¹
487 670 518 728 et
529 679 628 746 unum
639 667 793 728 habebant
806 667 915 730 altere.

87 801 207 863 Omnes
220 799 273 878 qni
285 799 424 876 gaudetis
436 799 474 860 de
487 815 563 876 paee
571 843 581 874 ,
597 799 688 860 modo
700 816 807 860 verum
817 799 966 878 judicato.
1087 801 1091 809 ’

43 931 131 1006 Quid
142 930 227 991 vebis
242 928 369 990 adhaec
383 925 525 988 videtur?
536 925 678 988 Secunda
694 929 800 990 messis
813 926 982 1004 Ecclesiae,

85 1027 179 1102 Quae
190 1045 246 1106 per
259 1030 356 1090 totum
370 1025 476 1085 orbem
495 1024 625 1100 crescit,
641 1026 731 1106 plura
744 1024 833 1088 debet
851 1025 1014 1086 sustinere.

83 1124 191 1188 Habet
204 1124 288 1186 enim
301 1121 424 1184 Domini
441 1121 616 1202 exemplum
631 1123 677 1201 (l)
697 1131 727 1184 et
745 1124 778 1183 in
790 1123 870 1186 luda
885 1124 1044 1196 traditore.

84 1225 183 1286 Hunc
199 1224 281 1284 inter
294 1222 390 1284 bonos
403 1219 537 1297 ferebat,
553 1219 638 1282 hune
652 1221 734 1283 misit
749 1228 779 1283 et
793 1222 984 1302 praedicare.

85 1321 192 1384 Malus
205 1337 310 1382 servus
322 1316 520 1400 praedicabat
533 1363 540 1395 ,
557 1319 609 1380 sed
623 1317 760 1381 Christus
773 1325 841 1380 erat
853 1322 887 1382 in
899 1320 976 1398 lide,

84 1417 172 1493 Quia
182 1418 235 1497 qui
245 1417 339 1498 iudici
354 1415 536 1491 credebant,
550 1433 614 1478 non
627 1418 779 1478 curabant
790 1417 828 1478 de
841 1434 1004 1498 praecone.

84 1516 221 1592 Quando
236 1515 319 1576 dedit
329 1519 466 1576 sanctam
482 1533 623 1590 coenam,
639 1533 697 1578 nee
713 1521 787 1578 tune
800 1515 887 1578 illum
899 1517 1035 1580 excludit
1052 1519 1145 1580 inde:

82 1615 127 1677 Et
143 1617 244 1693 posset
256 1631 311 1693 per
327 1611 415 1677 illum
430 1612 510 1674 tradi
523 1658 532 1691 ,
547 1613 639 1675 etiam
657 1615 684 1674 si
695 1615 806 1677 exisset
816 1621 897 1678 ante.

81 1714 146 1776 Sed
161 1713 249 1774 nobis
262 1712 438 1800 exemplum
451 1712 558 1774 datum
572 1717 617 1773 est
634 1712 731 1774 malos
746 1713 857 1778 iratres
876 1715 1024 1790 tolerare,

81 1811 138 1889 Ut,
150 1828 224 1872 eum
235 1809 281 1889 (2)
298 1827 362 1870 non
377 1814 503 1888 possunt
517 1810 656 1886 excludi,
672 1811 735 1872 solo
749 1829 928 1892 separemur
940 1814 1042 1876 eorde.

79 1946 201 2010 Omnes
215 1946 268 2026 qui
280 1946 418 2025 gaudetis
431 1945 469 2008 de
481 1961 577 2024 pace,
596 1945 688 2009 mode
701 1965 811 2010 verum
822 1951 970 2029 judicate.

39 2085 146 2162 Rogo,
162 2082 345 2164 respondete
359 2082 466 2162 nobis,
479 2083 553 2160 quid
566 2084 657 2146 vultis
670 2085 862 2164 rebaptizare
874 2083 889 2144 i

80 2182 201 2262 ansos
216 2179 389 2242 sacerdotes
402 2184 520 2242 vestros
535 2180 645 2260 pellitis
659 2201 678 2244 a
692 2181 931 2242 communione:

79 2282 125 2343 Et
138 2298 232 2342 nemo
249 2283 352 2340 tamen
366 2283 433 2358 post
445 2279 513 2340 illos
526 2298 618 2340 ausus
633 2287 679 2341 est
692 2281 899 2359 rebaptizare5

78 2379 123 2440 Et
136 2395 337 2457 quoscunque
350 2376 546 2454 baptizarunt
561 2376 644 2438 vobis
665 2363 895 2438 communicant
907 2375 1009 2437 hodie.

77 2477 165 2552 Quid
177 2475 215 2536 ab
227 2475 264 2535 iis
276 2480 477 2553 acceperunt,
493 2475 518 2534 si
531 2494 595 2536 nen
608 2475 763 2554 habebant
781 2475 854 2554 quid
870 2473 971 2538 derel

77 2575 189 2653 Legite
201 2574 353 2654 quomodo
367 2572 489 2635 adulter
500 2575 545 2652 (3)
563 2575 712 2654 punietur
721 2575 755 2635 in
767 2579 874 2636 sancta
888 2576 953 2652 lege
971 2600 978 2634 ε

76 2674 153 2734 Non
164 2671 247 2733 enim
261 2671 364 2731 dicere
377 2675 490 2750 potest,
506 2672 587 2748 quod
603 2671 771 2749 peccavita
789 2673 913 2732 timore.

76 2771 112 2833 Si
125 2769 225 2832 saneti
237 2769 293 2830 soli
305 2767 476 2848 baptizant,
492 2775 559 2846 post
570 2769 642 2830 istus
652 2769 850 2847 rebaptizate.

76 2868 164 2943 Quid
177 2865 412 2928 calumniemini
425 2865 513 2926 nobis
527 2865 601 2944 quia
612 2883 717 2928 sumus
729 2867 762 2928 in
779 2867 918 2942 unitate,

75 2965 142 3040 Qui
156 2965 295 3044 nondum
311 2981 434 3024 eramus
446 2963 512 3024 nati
523 2963 557 3024 in
570 2963 623 3026 illa
635 2965 876 3043 persecutione?

74 3065 292 3142 scriptumest
304 3065 430 3142 peccata
442 3065 564 3140 petrum
577 3062 616 3122 ad
630 3062 708 3124 filios
721 3080 787 3124 nen
799 3063 956 3142 pertinere
968 3064 1037 3142 (b);

74 3163 140 3224 Sed
154 3179 247 3222 nemo
262 3160 314 3224 dat
326 3159 462 3221 fructum
474 3159 592 3222 bonum
610 3161 635 3220 si
655 3160 812 3239 praecisus
826 3164 873 3222 est
890 3160 928 3222 dc
941 3163 1017 3222 vite.

74 3297 196 3361 Omnes
209 3292 262 3376 qui
275 3294 412 3375 gaudetis
425 3295 463 3356 de
477 3311 570 3373 paee,
585 3293 675 3356 modo
688 3311 799 3356 verum
810 3295 957 3374 judicate.

32 3433 126 3495 Scitis
141 3429 301 3493 Catholica
313 3430 387 3510 quid
399 3431 455 3507 sit,
470 3435 500 3492 et
515 3429 588 3508 quid
604 3430 642 3492 sit
657 3428 828 3508 praecisum
842 3447 861 3490 c
875 3429 938 3490 vite
953 3453 961 3486 ι

73 3530 110 3591 Si
124 3528 180 3607 qni
198 3533 270 3590 sunt
282 3527 364 3589 inter
379 3545 432 3588 vos
448 3526 548 3602 canti,
562 3527 699 3602 veniant,
715 3525 822 3588 vivant
834 3525 870 3587 in
880 3526 1002 3602 radice,

74 3627 255 3706 Antequam
273 3625 366 3686 nimis
384 3627 542 3700 arescent,
554 3624 619 3702 Jam
634 3621 805 3686 liberentur
819 3623 857 3685 ab
871 3624 953 3702 igne.

72 3723 150 3786 Ideo
164 3740 229 3784 non
247 3721 472 3802 rebaptizamus
487 3723 568 3804 quod
582 3739 677 3784 unum
691 3724 810 3801 signum
826 3728 871 3784 cst
886 3724 920 3782 in
934 3722 994 3784 fide
1009 3747 1016 3781 ε

62 3914 102 4025 (lg
119 3913 156 3964 La
167 3913 279 3990 demitte
295 3913 384 3988 spllcbe
400 3914 572 3978 coemptum
634 3913 671 3988 (3)
684 3913 748 3988 llcps
760 3928 834 3990 arom
846 3913 963 3991 cemplact
973 3915 995 3966 le
1002 3914 1088 3990 pluriel
1095 3931 1138 3982 par

23 3991 82 4052 ³sem
101 3977 124 4025 le
141 3977 236 4038 elrdbc,
290 3991 361 4050 eique
377 3977 474 4086 stpcrte
492 3977 572 4041 puls
603 3975 626 4026 le
644 3991 664 4024 st
721 3977 901 4088 impugpltert
921 3977 1138 4030 decantantem

29 4039 158 4164 ctsfflp
167 4038 263 4156 mae
271 4047 443 4166 &²1:5pr
454 4099 509 4164 long
521 4099 573 4152 d'u-
603 4039 892 4166 unppyppppwpmpe,
915 4100 1019 4168 chapitre
1042 4099 1135 4162 lllllV,

925 4245 1084 4305 o*

25 4173 61 4212 le
73 4161 176 4227 spitum.
603 4163 731 4212 recretld.
808 4229 811 4238 ,
