2880 4972
744 464 930 526 -210-

487 575 574 638 lnire
587 580 672 657 septe
683 577 839 655 coenobii,

489 671 612 734 Tutoris
626 689 683 752 ope
696 673 819 754 pessimi

489 769 552 846 Qui
565 789 616 833 me
628 771 768 834 nondum
782 771 927 833 deseruit.
954 791 958 796 ’

488 868 588 949 Super
599 869 696 932 aliare
712 869 861 948 praesuiis

486 965 622 1029 'sexium
634 967 754 1048 depono
769 965 912 1043 Domini,

487 1063 607 1127 Deinde
618 1083 699 1145 ponc
709 1064 845 1128 casulem

487 1161 587 1242 Super
600 1163 706 1226 alteris
717 1162 853 1225 iebuiem

482 1257 560 1322 Cum
572 1260 667 1340 stole,
683 1260 785 1322 albem
798 1259 915 1339 pariter

485 1358 567 1420 Tum
578 1359 697 1440 depono
708 1357 851 1422 celeriter
858 1365 869 1439 ς

480 1453 555 1517 Dux
568 1473 618 1518 me
628 1453 728 1520 melus
739 1473 801 1516 non
816 1453 931 1516 deserit

486 1553 591 1634 Usque
607 1555 646 1618 ad
659 1555 761 1618 locum
775 1553 892 1616 lectuli.

484 1649 595 1714 Statim
605 1656 637 1713 et
650 1653 805 1732 evestigio

483 1747 600 1828 Corpus
611 1749 645 1810 in
656 1753 787 1811 stratum
801 1747 928 1810 colloco.

484 1847 594 1911 Adsiei
610 1865 682 1910 cum
695 1847 790 1926 nigris
804 1847 948 1909 dentibus

480 1945 603 2008 Etcum
617 1946 722 2009 solutis
736 1945 891 2023 crinibus,

483 2041 561 2106 Cum
572 2041 669 2106 oculis
682 2044 876 2123 sanguinem,

484 2141 564 2204 Urso
576 2143 654 2222 pede
670 2141 854 2215 consimilis,

482 2239 606 2320 Ungues
621 2240 747 2303 leonum
762 2237 899 2301 similene
907 2282 917 2314 ,

481 2338 520 2400 Ni
524 2356 611 2418 grem
623 2355 748 2418 capram
760 2337 822 2418 pilo
834 2335 945 2414 gerens¹
959 2359 968 2395 ε

484 2470 523 2483 -
535 2435 597 2498 Fac
607 2449 658 2497 me
670 2439 844 2497 consortem
857 2431 979 2512 lectuli,

486 2527 548 2607 Qui
558 2529 604 2593 iui
617 2531 682 2593 dux
694 2529 834 2611 itineris3

483 2629 530 2692 Ne
543 2630 679 2692 verearis
692 2629 809 2691 socium

481 2727 631 2808 Recipere
641 2728 675 2790 in
684 2727 837 2805 gremium
851 2749 860 2785 ι

474 2825 538 2902 Qui
549 2825 583 2886 in
596 2825 648 2886 vie
659 2843 723 2886 non
735 2823 859 2900 nocuit,

474 2926 514 2988 ln
525 2924 638 2987 lectulo
651 2941 715 2986 non
727 2923 849 3003 poterit.

478 3023 543 3104 Ego
558 3023 677 3100 nuder,
693 3040 757 3084 non
772 3020 916 3096 timidus,

481 3119 600 3186 Christo
612 3121 721 3196 fidens,
734 3139 798 3183 non
812 3119 945 3196 viribus,

480 3217 594 3282 Verior
608 3219 642 3280 in
655 3218 765 3280 dextro
778 3216 895 3296 iater03

479 3315 597 3378 Locum
608 3315 647 3377 do
660 3333 754 3394 quem
765 3313 938 3376 celerrime.

480 3413 593 3477 Pedem
604 3413 690 3493 ponit
704 3414 738 3474 in
749 3410 897 3474 stramine
908 3435 918 3490 ;

479 3508 522 3574 Os
534 3511 581 3573 ori
595 3527 674 3591 pene
688 3511 851 3591 jungitur;

479 3609 614 3672 Alternis
630 3608 731 3670 verbis
744 3607 914 3688 loquimum

478 3704 612 3768 Securus
626 3705 663 3766 de
675 3703 797 3766 Christo
810 3723 893 3783 mec,

479 3801 572 3866 ilium
588 3800 673 3864 haud
686 3801 765 3864 nihil
784 3807 909 3865 metue:

477 3903 596 3979 -Dic,
611 3902 705 3963 sodex
718 3899 872 3978 (serdeei)
889 3906 920 3963 et
931 3901 996 3964 dux
1012 3903 1142 3983 pessime

478 3996 626 4064 Veritatis
639 3999 813 4062 contrariae
828 3998 964 4079 (veritati
978 3997 1183 4079 contrarieii„

482 4091 570 4171 Quae
582 4113 693 4160 ceusee
707 4096 966 4168 nuncexiiierini

481 4194 541 4260 Vel
554 4213 634 4276 quae
646 4196 725 4259 ratic
738 4194 831 4257 iuerii
